4500 6058
826 621 833 628 .
969 537 1018 640 ld
1067 541 1090 636 >
1139 559 1188 634 24
1238 535 1258 636 l
1306 526 1355 636 vt

328 725 465 821 tenet,
505 733 691 832 quasque
712 701 772 796 illi
786 675 914 792 trium
938 701 1204 832 metallorum
1229 700 1599 818 praestantionrm,
1626 724 1733 824 quae
1751 706 1834 796 sola
1850 708 1895 796 in
1928 701 1992 795 of-

329 843 463 936 ficinis
491 843 732 934 monetariis
756 841 835 928 sint
861 833 1091 944 elaborata,
1119 832 1296 925 credunt
1323 835 1573 948 symbolum.
1639 833 1712 930 ''At
1731 847 1848 932 eniru
1873 839 1991 955 vero,

327 1009 379 1072 ea
406 986 590 1083 ratione,
628 971 740 1064 filas
779 971 837 1061 est
869 969 1098 1060 subducere
1121 969 1337 1090 calculos:
1379 999 1461 1092 ego
1496 970 1604 1062 incili
1634 1002 1762 1094 opera
1804 983 1993 1088 evicero,

328 1137 491 1232 partem
521 1137 755 1201 numorum
784 1097 1082 1222 argenteorum
1121 1131 1425 1226 aereorumque
1459 1115 1714 1220 maximam,
1742 1138 1849 1231 quae
1875 1133 1992 1200 nunc

326 1249 529 1340 ditiorum
547 1267 669 1333 ornat
686 1237 994 1359 gazophylacia,
1002 1265 1268 1358 nequaquam
1282 1242 1523 1330 aRomaniu
1540 1247 1739 1357 pecuniae
1757 1245 1859 1341 loco,
1872 1239 1992 1332 fuill‘e

324 1382 567 1474 adhibitam.
619 1381 808 1483 Norunt,
833 1377 923 1492 qui,
943 1371 1145 1490 quicquid
1162 1379 1281 1480 aeris,
1298 1371 1405 1494 iull'u
1422 1378 1890 1494 Qirimrn,²srgnatum
1911 1374 1990 1481 est,
2072 1485 2075 1492 .

326 1518 494 1611 curioso
507 1535 550 1606 et
562 1532 724 1604 attento
740 1509 865 1598 oculo
883 1507 1193 1628 perlustratum,
1222 1511 1517 1598 Domitianum
1534 1514 1724 1628 primum
1738 1513 1831 1622 elie,
1855 1518 1991 1602 incu-

325 1663 396 1746 ius
415 1656 559 1742 numis
580 1650 707 1736 unius
734 1643 922 1734 mulieris
947 1635 1155 1760 figuram,
1188 1640 1333 1732 dextra
1348 1641 1555 1751 stateram,
1570 1643 1733 1738 duabus
1749 1629 1991 1736 instructam

326 1787 528 1892 lancibus,
537 1782 694 1873 finistta
708 1806 813 1871 vero
829 1785 988 1900 copiae,
1006 1799 1054 1868 ut
1070 1796 1239 1885 vocant,
1255 1805 1390 1870 cornu
1408 1777 1725 1896 praeferentem,
1747 1780 1888 1871 addita
1902 1785 1989 1900 epi·

324 1922 505 2044 graphe,
521 1943 715 2008 uouere
741 1941 847 2006 nvo.
873 1910 1223 2030 contemplamur.
1278 1914 1433 2038 Saltem
1448 1913 1990 2030 innumismanrmmucto-

321 2069 446 2156 ritate
461 2062 769 2154 Romanorum,
782 2047 881 2138 inde
895 2079 923 2140 a
937 2051 1142 2163 Pompeio
1156 2052 1217 2136 M
1233 2045 1289 2158 ad
1303 2048 1485 2140 Heraclii
1495 2073 1629 2162 usque
1645 2067 1851 2166 tempora,
1871 2050 1988 2140 cuso·

324 2224 441 2304 rum,
454 2187 712 2290 recondone,
725 2210 856 2300 quam
877 2183 1035 2298 incepit
1056 2204 1218 2290 ,anona
1242 2207 1373 2287 occo,
1399 2179 1668 2296 locupletavit
1697 2205 1990 2274 enunciata.

325 2347 719 2426 uenronnaavs
742 2339 869 2434 atque
894 2313 1067 2433 perfecit
1097 2309 1232 2403 ferme
1275 2295 1790 2426 enranrarnarvs,
1810 2319 1987 2432 nulium,

327 2481 565 2564 memorata
588 2455 794 2568 imagine,
823 2470 898 2548 aut.
924 2445 1149 2565 epigraphe
1181 2449 1477 2568 conspicuum,
1509 2468 1605 2536 ante
1621 2449 1854 2545 Domitiani
1886 2484 1990 2548 cou-

182 2649 188 2660 ·
326 2609 507 2700 sulamm
536 2593 751 2686 decimum
775 2585 860 2699 (g),
888 2586 1086 2674 occurrit.
1140 2581 1374 2692 Praeterea,
1406 2583 1556 2675 iisdem
1572 2589 1675 2676 viris
1705 2614 1883 2699 numus,
1916 2599 1991 2685 tri.

327 2741 409 2838 bus
444 2739 641 2828 Monetae
670 2715 819 2838 figuris
843 2735 1090 2822 exornatus,
1128 2720 1204 2836 qui
1228 2711 1484 2822 Commodi,
1524 2732 1620 2824 aut,
1656 2717 1816 2808 livera
1848 2725 1989 2816 retulit

187 2963 190 2972 ’
326 2895 514 2966 ww·
546 2867 924 2953 ²¹⁰F¹²MANNV⁸
948 2847 1028 2962 (h),
1064 2852 1241 2940 Traiani
1264 2869 1445 2939 aetatem
1470 2869 1724 2962 antevertat,
1755 2855 1898 2972 ¹nullus
1928 2847 1988 2950 est

326 3009 453 3104 visus.
504 2999 719 3112 Denique,
744 2985 958 3104 supersunt
1000 2988 1143 3076 Severi
1180 2987 1448 3102 imperatoris
1495 2987 1768 3098 numismata,
1802 3019 1988 3109 quorum

325 3139 530 3242 nonnulla
546 3137 766 3223 Monetam
779 3147 929 3225 unam,
954 3119 1035 3208 alia
1050 3145 1154 3209 vero
1173 3139 1258 3208 tres
1276 3123 1473 3210 Monetas
1486 3117 1728 3236 praeferunt
1751 3129 1816 3236 (i).
1870 3133 1989 3223 con.

323 3309 392 3377 m
410 3274 609 3368 omnium
629 3281 774 3352 autem
800 3252 1016 3344 annulum
1039 3244 1340 3374 monumenta,
1367 3274 1495 3370 atque
1516 3257 1644 3344 etiam
1674 3281 1824 3352 contra
1846 3289 1895 3355 ea
1923 3271 1988 3356 ni.

324 3441 458 3515 teter,
480 3423 601 3520 ¹quae
626 3389 819 3480 unanimi
836 3385 1181 3510 ,antiquariorum
1218 3381 1419 3476 consensu
1442 3384 1594 3476 sancita
1622 3411 1667 3480 et
1697 3383 1784 3514 ipsa
1814 3405 1987 3496 veritate

324 3551 422 3639 sunt
443 3531 634 3634 fundata:
659 3525 711 3626 fi,
737 3521 893 3608 horum
925 3519 1226 3610 numismatum
1262 3517 1440 3625 auxilio,
1473 3545 1653 3616 conarer
1680 3521 1987 3653 demonstrare,

324 3674 573 3773 Domitiano
598 3664 829 3771 imperante
852 3677 942 3738 non
969 3651 1044 3744 niu
1059 3679 1209 3744 aureos
1232 3658 1278 3743 in
1296 3653 1372 3742 usu
1388 3649 1527 3756 fuine,
1559 3679 1633 3748 aut
1654 3663 1891 3762 Traianum
1913 3674 1985 3765 de-

173 3859 179 3868 ·
325 3797 557 3932 nique,vel
580 3781 875 3884 Commodum
893 3811 1073 3894 numos,
1086 3813 1140 3876 ex
1163 3781 1299 3875 tribus
1314 3784 1556 3918 potioribus·
1565 3793 1743 3887 metatu
1761 3794 1907 3916 factos,
1919 3811 1985 3898 in·
2088 3861 2103 3889 .

323 3933 573 4043 mduxiffi,
609 3919 1119 4032 velSevemmgnuncsoli
1136 3943 1265 4028 auro,
1289 3945 1417 4028 nunc,
1431 3951 1537 4014 vero
1559 3950 1685 4036 auro,
1716 3957 1890 4050 argento
1914 3969 2004 4030 ae..

1940 4229 1983 4300 et

321 4585 375 4682 (g)
389 4581 533 4674 Poma
553 4573 677 4648 Prodiit
691 4581 800 4642 eutem
816 4590 902 4662 opu·
921 4561 1139 4660 Biragienmu,
1179 4563 1234 4661 (h)
1246 4568 1286 4640 ln
1303 4564 1419 4643 differt
1439 4571 1479 4644 de
1494 4548 1568 4644 oea
1586 4575 1743 4662 numa,
1770 4576 1880 4658 habita
1899 4585 1986 4664 Heu·

388 4713 468 4766 cure
495 4711 601 4760 rure.
630 4707 689 4756 nr
702 4695 791 4752 nat
804 4703 828 4750 n
843 4703 869 4750 'r
883 4706 894 4748 1
919 4697 1136 4784 expurgatum
1178 4671 1180 4678 ¹
1246 4679 1529 4770 rnaessad1717.§.
1545 4683 1660 4754 iasub
1673 4681 1784 4761 finem.

384 4799 513 4872 mendis
534 4789 767 4888 compluribus,
783 4787 999 4862 additionibus
1013 4805 1130 4863 contra
1169 4785 1214 4880 G)
1233 4787 1326 4874 *Vide
1337 4789 1472 4864 aaran
1483 4791 1589 4866 modo
1600 4815 1683 4890 opus
1690 4794 1979 4894 Biragienrunm

385 4910 566 4984 inumeris
579 4899 986 5006 audium,Mediolani,ex
995 4897 1125 4971 aedibus
1218 4897 1310 4988 .2⁶9·

382 5019 540 5092 societatis
550 5016 724 5102 Palatinae,
738 5033 825 5102 ¹730·
838 5005 901 5088 fol,

2130 201 2139 222 ’

2244 891 2247 1020 l
