4504 6060
1011 473 1478 604 uinco

356 635 568 784 gredierii
598 665 867 777 Qamquam
882 683 1020 754 autem
1036 662 1209 754 libenter
1227 665 1366 780 credo,
1386 691 1633 756 uvrtuvn
1659 687 1701 756 et
1717 664 1933 757 svro'nn
1959 693 2019 771 ea,

363 827 471 913 quae
498 799 550 888 de
585 796 748 889 Canobi
773 803 949 886 victoria
982 797 1180 903 referunt,
1191 797 1353 887 haud
1332 800 1405 887 luo
1432 799 1699 889 confinxill'e
1686 807 1868 918 ingeniO,
1884 800 1950 889 sed
1969 825 2021 887 ex

364 930 596 1020 sacrificulis
613 933 780 1046 aliisque
791 933 1083 1046 superstitionis
1102 933 1330 1022 fautoribus
1349 933 1565 1048 accepiffe:
1581 935 1850 1024 nihilominus
1869 955 2022 1031 tamen,

365 1095 440 1154 cur
466 1063 572 1151 hanc
599 1067 879 1152 narrationem
928 1091 1080 1153 vanam
1116 1067 1294 1184 praecise
1327 1065 1462 1153 dicam
1501 1059 1752 1185 falsamque,
1783 1058 2024 1183 persuasrll'r·

364 1229 568 1318 mumque
594 1197 696 1288 mihi
718 1200 776 1302 fit,
807 1201 1031 1290 Canobum
1064 1207 1175 1288 inter
1197 1223 1320 1318 atque
1347 1199 1654 1292 Chaldaeorum
1674 1211 1833 1318 Ignem,
1850 1200 1901 1289 de
1936 1197 2024 1282 san·

364 1335 500 1424 ditate
520 1339 797 1454 potentiaque,
813 1343 1124 1425 contentionem
1149 1363 1368 1453 nunquam
1391 1336 1469 1423 elle
1499 1358 1708 1442 exortam,
1737 1329 2025 1436 caullashabe7

365 1467 521 1558 remihi
548 1465 712 1555 videor
733 1489 773 1551 et
805 1469 941 1574 iustas,
964 1490 1005 1557 et
1035 1493 1220 1583 magnas.
1257 1468 1480 1586 &Equidem
1519 1466 1609 1556 ium
1647 1476 1819 1555 minime
1840 1472 2024 1579 ignarus,

365 1603 519 1717 priscos
555 1601 784 1691 Chaldaeae
812 1604 971 1692 incolas
1017 1603 1143 1690 solem
1167 1601 1354 1710 coluille,
1389 1605 1560 1707 lunam,
1601 1603 1782 1717 planetas
1810 1621 2026 1710 ceteraque

367 1737 467 1824 caeli
481 1737 619 1825 sidera.
642 1737 788 1826 Testes
805 1765 907 1826 vero
922 1765 1020 1824 cum
1031 1737 1219 1839 idoneos,
1229 1761 1321 1826 tum
1338 1738 1573 1852 locupletes,
1592 1735 1744 1852 quibus
1762 1734 2027 1836 communia·

366 1886 450 1973 tur,
465 1870 650 1958 eiusdem
674 1871 817 1986 populi
843 1870 1086 1985 religionem
1111 1875 1218 1958 circa
1244 1876 1389 1986 ignem
1409 1865 1488 1956 effe
1510 1868 1741 1972 versatam,
1762 1859 2026 1980 requirendo,

365 2003 504 2092 inhoc
523 2031 656 2120 usque
673 2026 853 2122 tempus,
866 2005 1005 2092 oleum
1023 2001 1181 2118 perdidi
1196 2027 1319 2122 atque
1338 2030 1509 2120 operam
1532 2005 1718 2086 omnem
1774 2000 1858 2116 Ipse
1874 2022 2025 2087 rnon·

368 2142 669 2228 srnurervs
697 2147 744 2239 (u
717 2153 785 2256 u),
812 2145 884 2254 qui
908 2137 1082 2224 studiose
1115 2136 1168 2224 de
1191 2137 1496 2226 Chaldaeorum
1512 2152 1819 2225 commentatus
1837 2133 1894 2219 est
1912 2129 2026 2218 theo'·

369 2270 493 2386 logia,
518 2247 781 2385 probaturus,
803 2267 909 2372 hanc
928 2289 1096 2381 gentem
1112 2265 1307 2356 flammas
1326 2295 1494 2384 quoque
1526 2273 1571 2355 in
1607 2268 1832 2350 numinum
1857 2251 2026 2349 moroni

258 2453 261 2459 ·
368 2403 586 2518 reposurll'e
596 2429 789 2506 numero,
816 2428 924 2516 quos
939 2421 1128 2487 auctores
1147 2405 1352 2505 excitaret,
1367 2422 1527 2516 praeter
1554 2422 1725 2489 sviunn
1752 2419 1792 2482 et
1809 2422 2027 2498 nvrtuvrn,

369 2541 532 2621 invenit
563 2541 741 2622 omnino
762 2533 911 2622 nullos.
966 2535 1038 2622 Vti
1071 2559 1174 2618 uero
1207 2530 1361 2621 horum
1387 2536 1632 2650 scriptorum
1657 2528 1786 2618 fidem
1813 2530 2027 2620 sublestam

369 2661 790 2756 iudicamusmerito.
816 2666 871 2752 fic
896 2693 947 2751 ne
950 2693 974 2752 c
998 2687 1154 2766 auctor,
1176 2665 1294 2754 hac
1282 2693 1327 2753 m
1369 2695 1435 2772 re,
1456 2670 1637 2755 veritatis
1668 2670 1823 2750 amanti
1854 2663 2027 2784 placebit
2069 2739 2072 2746 .

370 2829 630 2890 rsroonvs
656 2809 734 2906 (x),
762 2801 968 2903 referens,
1001 2797 1267 2902 Nonnullam,
1286 2803 1508 2914 gigantem,
1538 2825 1665 2916 quem
1700 2797 1830 2912 vulgo
1863 2806 2027 2886 Ninum

370 2957 414 3024 et
445 2933 751 3023 Chaldaeorum
777 2938 1020 3050 principem
1054 2937 1191 3035 aiunt,
1235 2933 1374 3050 Persas
1402 2937 1532 3050 ignem
1570 2927 1695 3018 coiere
1731 2929 1900 3050 docutffl.
1964 2933 2029 3020 lsti

372 3071 486 3154 enim
520 3070 749 3171 triumviri,
780 3091 913 3179 quum
941 3065 1031 3180 post
1061 3063 1271 3151 Christum
1307 3087 1452 3152 natum
1489 3071 1680 3167 vixerint,
1713 3089 1780 3167 ea,
1806 3093 1912 3180 quae
1937 3097 2029 3156 nar·

371 3204 478 3305 rant,
503 3226 590 3294 non
618 3198 827 3303 viderunt,
849 3195 915 3286 sed
941 3197 1210 3299 audiverunt3
1238 3223 1328 3283 non
1361 3199 1597 3306 sciverunt,
1636 3198 1703 3286 sed
1734 3205 1891 3315 opinati
1927 3201 2029 3310 sunt,

368 3355 422 3426 'ac
438 3331 611 3452 proinde
627 3333 794 3420 summo
807 3338 1157 3422 reiiciunturiure.
1186 3331 1313 3441 Qod
1336 3332 1367 3416 sr
1393 3353 1533 3420 autem
1564 3341 1749 3424 maxime
1770 3335 1826 3422 est
1841 3334 2029 3431 dubium,

373 3483 512 3568 immo
544 3468 759 3553 averitate
782 3467 903 3583 plane
932 3467 1129 3571 alienum,
1160 3464 1393 3554 Chaldaeos
1433 3467 1615 3556 adoraffe
1645 3473 1811 3582 ignem:
1844 3476 1915 3585 qui
1939 3463 2030 3555 fieri

368 3607 523 3720 potuit,
545 3621 593 3684 ut
612 3624 693 3712 pro
727 3603 816 3684 eius
855 3602 1214 3712 propugnaverint
1244 3598 1484 3711 dignitate?
1514 3601 1571 3688 At
1598 3627 1730 3706 ver0,
1756 3623 1828 3690 aut
1852 3631 1932 3689 nos
1956 3603 2030 3690 ial‘·

371 3741 468 3828 lunt
482 3736 637 3835 omnia,
651 3751 723 3818 aut
738 3728 909 3844 quidam
923 3729 1056 3835 nobis,
1073 3736 1218 3818 ineam
1238 3729 1539 3823 discedentibus
1554 3741 1809 3850 opinionem,
1821 3735 2029 3846 obiicient,

367 3880 421 3960 in
456 3865 661 3960 Chaldaea
682 3891 769 3951 non
787 3862 956 3979 quidem
979 3868 1122 3976 ignem
1140 3891 1449 3972 communem,
1482 3867 1549 3955 sed
1584 3867 1755 3956 solarem
1787 3867 1867 3955 tile
1882 3867 2029 3959 adora·

362 4031 494 4113 tum,
519 4005 723 4118 illumque
756 3995 881 4086 huius
914 3995 1032 4084 fullse
1066 3997 1338 4110 symbolum
1380 4022 1503 4116 atque
1523 4006 1596 4096 ‚ita
1631 4005 1776 4098 sentire
1807 4012 1926 4095 uiros
1955 4005 2028 4096 dn

379 4140 592 4244 miffimos,
621 4161 725 4222 ron.
751 4155 1077 4222 seauc'euvrn
1103 4141 1182 4245 (ι’),
1215 4159 1339 4223 san.
1371 4160 1770 4248 suvcnuoenvn
1804 4146 1880 4246 (z)
1905 4143 2028 4228 alios.

1938 4303 2028 4391 que.

380 4465 1535 4516 -Ἷ-Ψ-ῌ--Μι--ι-υ
1865 4475 1899 4492 .-

358 4591 443 4674 ,mg
452 4585 662 4654 moenam
689 4609 693 4617 ·
1226 4579 1275 4666 (z)
1295 4575 1335 4644 Ῑιι
1350 4573 1410 4642 der
1423 4577 1600 4644 Harmonte
1610 4573 1670 4642 der
1683 4571 1822 4670 heiligen
1834 4585 1904 4650 md
1904 4587 2027 4677 prnsm

383 4709 431 4780 (x)
452 4688 681 4786 Originumlib.
693 4683 795 4754 Xllll.
802 4705 870 4772 cap.
885 4704 910 4768 3.
924 4705 997 4771 pag.
1011 4683 1092 4752 1162.
1286 4685 1510 4752 Scribenten
1495 4709 1531 4752 m
1551 4685 1612 4752 den
1634 4683 1853 4775 Gischinb'tm
1857 4693 1917 4794 ddr'
1937 4699 2026 4784 arelat,

383 4807 434 4899 (y)
453 4807 502 4874 Dc
514 4801 635 4893 legibus
643 4797 864 4864 Hebraeorum
879 4793 1068 4882 ritualibus,
1081 4790 1134 4864 lib
1142 4789 1183 4866 11
1291 4791 1376 4861 Part.
1397 4791 1422 4859 l.
1440 4815 1513 4883 pag.
1527 4811 1651 4882 215..

446 4935 515 5003 cap
528 4928 571 4994 ιι
586 4926 657 4996 pag.
670 4923 740 4989 370
743 4901 818 4970 edit
839 4898 989 4989 Tubing.
