<?xml version="1.0" encoding="UTF-8"?>
<!DOCTYPE html PUBLIC "-//W3C//DTD XHTML 1.0 Transitional//EN"
    "http://www.w3.org/TR/xhtml1/DTD/xhtml1-transitional.dtd">
<html xmlns="http://www.w3.org/1999/xhtml" xml:lang="en" lang="en">
 <head>
  <title>
</title>
<meta http-equiv="Content-Type" content="text/html;charset=utf-8" />
  <meta name='ocr-system' content='tesseract 3.04.00' />
  <meta name='ocr-capabilities' content='ocr_page ocr_carea ocr_par ocr_line ocrx_word'/>
</head>
<body>
  <div class='ocr_page' id='page_1' title='image "./commentatiodenu00schlgoog_0118.png"; bbox 0 0 4504 6060; ppageno 0'>
   <div class='ocr_carea' id='block_1_1' title="bbox 259 563 1907 1254">
    <p class='ocr_par' dir='ltr' id='par_1_1' title="bbox 259 563 1907 1254">
     <span class='ocr_line' id='line_1_1' title="bbox 298 563 1279 680; baseline -0.017 0"><span class='ocrx_word' id='word_1_1' title='bbox 298 667 305 680; x_wconf 91' lang='lat'><strong>.</strong></span> <span class='ocrx_word' id='word_1_2' title='bbox 889 573 940 670; x_wconf 62' lang='lat' dir='ltr'>dt</span> <span class='ocrx_word' id='word_1_3' title='bbox 989 573 1008 667; x_wconf 89' lang='grc'>)</span> <span class='ocrx_word' id='word_1_4' title='bbox 1057 585 1097 667; x_wconf 79' lang='lat' dir='ltr'>n</span> <span class='ocrx_word' id='word_1_5' title='bbox 1145 571 1168 668; x_wconf 87' lang='grc'>(</span> <span class='ocrx_word' id='word_1_6' title='bbox 1216 563 1279 664; x_wconf 75' lang='lat' dir='ltr'>tt·</span> 
     </span>
     <span class='ocr_line' id='line_1_2' title="bbox 260 714 1904 876; baseline -0.018 -45"><span class='ocrx_word' id='word_1_7' title='bbox 260 737 453 876; x_wconf 69' lang='lat' dir='ltr'>gabim‘us</span> <span class='ocrx_word' id='word_1_8' title='bbox 478 739 636 826; x_wconf 83' lang='lat' dir='ltr'>nro&#39;nr</span> <span class='ocrx_word' id='word_1_9' title='bbox 661 727 1043 826; x_wconf 76' lang='lat' dir='ltr'>cuausosrono</span> <span class='ocrx_word' id='word_1_10' title='bbox 1072 729 1145 840; x_wconf 86' lang='lat' dir='ltr'>(r),</span> <span class='ocrx_word' id='word_1_11' title='bbox 1170 729 1301 817; x_wconf 86' lang='lat' dir='ltr'>animi</span> <span class='ocrx_word' id='word_1_12' title='bbox 1316 723 1448 815; x_wconf 84' lang='lat' dir='ltr'>caussa</span> <span class='ocrx_word' id='word_1_13' title='bbox 1469 723 1672 838; x_wconf 77' lang='lat' dir='ltr'>atque,‘ut</span> <span class='ocrx_word' id='word_1_14' title='bbox 1687 746 1739 810; x_wconf 85' lang='lat' dir='ltr'>eo</span> <span class='ocrx_word' id='word_1_15' title='bbox 1756 714 1904 855; x_wconf 77' lang='lat' dir='ltr'>fortius</span> 
     </span>
     <span class='ocr_line' id='line_1_3' title="bbox 259 857 1906 980; baseline -0.019 -20"><span class='ocrx_word' id='word_1_16' title='bbox 259 893 405 960; x_wconf 89' lang='lat' dir='ltr'>contra</span> <span class='ocrx_word' id='word_1_17' title='bbox 449 892 717 956; x_wconf 71' lang='lat' dir='ltr'>nouarum</span> <span class='ocrx_word' id='word_1_18' title='bbox 751 863 873 980; x_wconf 85' lang='lat' dir='ltr'>polsrt</span> <span class='ocrx_word' id='word_1_19' title='bbox 906 865 1154 964; x_wconf 86' lang='lat' dir='ltr'>declamare,</span> <span class='ocrx_word' id='word_1_20' title='bbox 1186 857 1382 974; x_wconf 86' lang='lat' dir='ltr'>fingenti,</span> <span class='ocrx_word' id='word_1_21' title='bbox 1420 860 1458 947; x_wconf 91' lang='lat' dir='ltr'>se</span> <span class='ocrx_word' id='word_1_22' title='bbox 1486 884 1538 943; x_wconf 87' lang='lat' dir='ltr'>ex</span> <span class='ocrx_word' id='word_1_23' title='bbox 1561 859 1768 970; x_wconf 86' lang='lat' dir='ltr'>Aegyptio</span> <span class='ocrx_word' id='word_1_24' title='bbox 1800 867 1906 966; x_wconf 88' lang='lat' dir='ltr'>quo·</span> 
     </span>
     <span class='ocr_line' id='line_1_4' title="bbox 259 995 1907 1118; baseline -0.019 -22"><span class='ocrx_word' id='word_1_25' title='bbox 259 1009 357 1096; x_wconf 89' lang='lat' dir='ltr'>dam</span> <span class='ocrx_word' id='word_1_26' title='bbox 387 1005 590 1095; x_wconf 82' lang='lat' dir='ltr'>sacerdote</span> <span class='ocrx_word' id='word_1_27' title='bbox 616 1001 886 1118; x_wconf 87' lang='lat' dir='ltr'>Onuphitcnsr</span> <span class='ocrx_word' id='word_1_28' title='bbox 909 995 1118 1103; x_wconf 83' lang='lat' dir='ltr'>audivisse,</span> <span class='ocrx_word' id='word_1_29' title='bbox 1146 1001 1190 1084; x_wconf 89' lang='lat' dir='ltr'>in</span> <span class='ocrx_word' id='word_1_30' title='bbox 1217 995 1337 1082; x_wconf 88' lang='lat' dir='ltr'>sacris</span> <span class='ocrx_word' id='word_1_31' title='bbox 1362 997 1665 1107; x_wconf 80' lang='lat' dir='ltr'>Aegyptiorum</span> <span class='ocrx_word' id='word_1_32' title='bbox 1689 1001 1907 1076; x_wconf 69' lang='lat' dir='ltr'>commem</span> 
     </span>
     <span class='ocr_line' id='line_1_5' title="bbox 261 1125 1907 1254; baseline -0.016 -30"><span class='ocrx_word' id='word_1_33' title='bbox 261 1143 372 1226; x_wconf 88' lang='lat' dir='ltr'>tariis</span> <span class='ocrx_word' id='word_1_34' title='bbox 395 1141 654 1254; x_wconf 87' lang='lat' dir='ltr'>antiquisque</span> <span class='ocrx_word' id='word_1_35' title='bbox 678 1134 826 1227; x_wconf 70' lang='grc' dir='ltr'>στήλαις</span> <span class='ocrx_word' id='word_1_36' title='bbox 848 1139 1020 1240; x_wconf 88' lang='lat' dir='ltr'>narrari,</span> <span class='ocrx_word' id='word_1_37' title='bbox 1044 1131 1296 1232; x_wconf 86' lang='lat' dir='ltr'>Menelaum,</span> <span class='ocrx_word' id='word_1_38' title='bbox 1323 1153 1381 1230; x_wconf 90' lang='lat' dir='ltr'>re,</span> <span class='ocrx_word' id='word_1_39' title='bbox 1399 1127 1452 1212; x_wconf 91' lang='lat' dir='ltr'>ad</span> <span class='ocrx_word' id='word_1_40' title='bbox 1476 1127 1669 1226; x_wconf 87' lang='lat' dir='ltr'>Troiam,</span> <span class='ocrx_word' id='word_1_41' title='bbox 1683 1151 1708 1210; x_wconf 85' lang='lat' dir='ltr'>a</span> <span class='ocrx_word' id='word_1_42' title='bbox 1723 1125 1907 1208; x_wconf 88' lang='lat' dir='ltr'>Graeco-</span> 
     </span>
    </p>
   </div>
   <div class='ocr_carea' id='block_1_2' title="bbox 256 1255 1908 1517">
    <p class='ocr_par' dir='ltr' id='par_1_2' title="bbox 256 1255 1908 1517">
     <span class='ocr_line' id='line_1_6' title="bbox 257 1255 1908 1383; baseline -0.014 -25"><span class='ocrx_word' id='word_1_43' title='bbox 257 1297 353 1358; x_wconf 91' lang='lat' dir='ltr'>rum</span> <span class='ocrx_word' id='word_1_44' title='bbox 379 1274 572 1376; x_wconf 84' lang='lat' dir='ltr'>exercitu,</span> <span class='ocrx_word' id='word_1_45' title='bbox 597 1269 810 1358; x_wconf 86' lang='lat' dir='ltr'>infeliciter</span> <span class='ocrx_word' id='word_1_46' title='bbox 834 1269 965 1383; x_wconf 88' lang='lat' dir='ltr'>gesta,</span> <span class='ocrx_word' id='word_1_47' title='bbox 989 1273 1033 1354; x_wconf 93' lang='lat' dir='ltr'>in</span> <span class='ocrx_word' id='word_1_48' title='bbox 1053 1269 1291 1380; x_wconf 76' lang='lat' dir='ltr'>Aegyptum</span> <span class='ocrx_word' id='word_1_49' title='bbox 1320 1287 1427 1346; x_wconf 90' lang='lat' dir='ltr'>nave</span> <span class='ocrx_word' id='word_1_50' title='bbox 1466 1255 1660 1373; x_wconf 76' lang='lat' dir='ltr'>appulisse</span> <span class='ocrx_word' id='word_1_51' title='bbox 1684 1275 1808 1370; x_wconf 88' lang='lat' dir='ltr'>atque</span> <span class='ocrx_word' id='word_1_52' title='bbox 1834 1255 1908 1336; x_wconf 84' lang='lat' dir='ltr'>Pe·</span> 
     </span>
     <span class='ocr_line' id='line_1_7' title="bbox 256 1381 1907 1517; baseline -0.013 -30"><span class='ocrx_word' id='word_1_53' title='bbox 256 1401 469 1517; x_wconf 89' lang='lat' dir='ltr'>loponncsr</span> <span class='ocrx_word' id='word_1_54' title='bbox 501 1400 950 1508; x_wconf 76' lang='lat' dir='ltr'>oblitum,·ibi-scdem</span> <span class='ocrx_word' id='word_1_55' title='bbox 973 1395 1102 1488; x_wconf 78' lang='lat' dir='ltr'>fixisse</span> <span class='ocrx_word' id='word_1_56' title='bbox 1130 1388 1256 1483; x_wconf 80' lang='lat' dir='ltr'>stram.</span> <span class='ocrx_word' id='word_1_57' title='bbox 1312 1393 1488 1492; x_wconf 88' lang='lat' dir='ltr'>Verum,</span> <span class='ocrx_word' id='word_1_58' title='bbox 1523 1419 1575 1477; x_wconf 88' lang='lat' dir='ltr'>ne</span> <span class='ocrx_word' id='word_1_59' title='bbox 1611 1386 1712 1475; x_wconf 89' lang='lat' dir='ltr'>haec</span> <span class='ocrx_word' id='word_1_60' title='bbox 1737 1381 1907 1502; x_wconf 89' lang='lat' dir='ltr'>quidem</span> 
     </span>
    </p>
   </div>
   <div class='ocr_carea' id='block_1_3' title="bbox 129 1520 1908 1640">
    <p class='ocr_par' dir='ltr' id='par_1_3' title="bbox 129 1520 1908 1640">
     <span class='ocr_line' id='line_1_8' title="bbox 129 1520 1908 1640; baseline -0.012 -20"><span class='ocrx_word' id='word_1_61' title='bbox 129 1520 133 1528; x_wconf 42' lang='lat'><strong><em>¹</em></strong></span> <span class='ocrx_word' id='word_1_62' title='bbox 256 1532 310 1619; x_wconf 89' lang='lat' dir='ltr'>ad</span> <span class='ocrx_word' id='word_1_63' title='bbox 355 1535 704 1622; x_wconf 85' lang='lat' dir='ltr'>narratiunculam</span> <span class='ocrx_word' id='word_1_64' title='bbox 745 1535 795 1622; x_wconf 94' lang='lat' dir='ltr'>de</span> <span class='ocrx_word' id='word_1_65' title='bbox 837 1537 997 1622; x_wconf 87' lang='lat' dir='ltr'>Graeca</span> <span class='ocrx_word' id='word_1_66' title='bbox 1046 1526 1210 1620; x_wconf 91' lang='lat' dir='ltr'>Canobi</span> <span class='ocrx_word' id='word_1_67' title='bbox 1246 1528 1408 1640; x_wconf 87' lang='lat' dir='ltr'>origine</span> <span class='ocrx_word' id='word_1_68' title='bbox 1445 1525 1643 1612; x_wconf 90' lang='lat' dir='ltr'>tuendam</span> <span class='ocrx_word' id='word_1_69' title='bbox 1681 1527 1908 1637; x_wconf 87' lang='lat' dir='ltr'>quicquam</span> 
     </span>
    </p>
   </div>
   <div class='ocr_carea' id='block_1_4' title="bbox 173 1645 1999 4297">
    <p class='ocr_par' dir='ltr' id='par_1_4' title="bbox 173 1645 1999 4297">
     <span class='ocr_line' id='line_1_9' title="bbox 255 1645 1911 1781; baseline -0.01 -33"><span class='ocrx_word' id='word_1_70' title='bbox 255 1649 389 1749; x_wconf 74' lang='lat' dir='ltr'>lacere</span> <span class='ocrx_word' id='word_1_71' title='bbox 407 1686 611 1775; x_wconf 91' lang='lat' dir='ltr'>poterunt.</span> <span class='ocrx_word' id='word_1_72' title='bbox 675 1670 923 1781; x_wconf 83' lang='lat' dir='ltr'>Cogitemus</span> <span class='ocrx_word' id='word_1_73' title='bbox 949 1668 1081 1767; x_wconf 86' lang='lat' dir='ltr'>eninr,</span> <span class='ocrx_word' id='word_1_74' title='bbox 1106 1658 1342 1748; x_wconf 86' lang='lat' dir='ltr'>Menelaum</span> <span class='ocrx_word' id='word_1_75' title='bbox 1367 1663 1535 1772; x_wconf 91' lang='lat' dir='ltr'>eiusque</span> <span class='ocrx_word' id='word_1_76' title='bbox 1558 1661 1732 1745; x_wconf 90' lang='lat' dir='ltr'>comites</span> <span class='ocrx_word' id='word_1_77' title='bbox 1757 1655 1801 1735; x_wconf 90' lang='lat' dir='ltr'>in</span> <span class='ocrx_word' id='word_1_78' title='bbox 1828 1645 1911 1733; x_wconf 55' lang='lat' dir='ltr'>Aess</span> 
     </span>
     <span class='ocr_line' id='line_1_10' title="bbox 254 1779 1986 1913; baseline -0.01 -32"><span class='ocrx_word' id='word_1_79' title='bbox 254 1816 386 1908; x_wconf 78' lang='lat' dir='ltr'>gypto</span> <span class='ocrx_word' id='word_1_80' title='bbox 413 1795 529 1884; x_wconf 85' lang='lat' dir='ltr'>luisse</span> <span class='ocrx_word' id='word_1_81' title='bbox 558 1797 829 1913; x_wconf 85' lang='lat' dir='ltr'>alienigenas,</span> <span class='ocrx_word' id='word_1_82' title='bbox 852 1819 904 1902; x_wconf 91' lang='lat' dir='ltr'>et,</span> <span class='ocrx_word' id='word_1_83' title='bbox 933 1795 1046 1912; x_wconf 90' lang='lat' dir='ltr'>quod</span> <span class='ocrx_word' id='word_1_84' title='bbox 1088 1797 1336 1895; x_wconf 87' lang='lat' dir='ltr'>maximum,</span> <span class='ocrx_word' id='word_1_85' title='bbox 1364 1793 1523 1879; x_wconf 90' lang='lat' dir='ltr'>Graeca</span> <span class='ocrx_word' id='word_1_86' title='bbox 1546 1794 1671 1904; x_wconf 87' lang='lat' dir='ltr'>&#39;gente</span> <span class='ocrx_word' id='word_1_87' title='bbox 1696 1779 1913 1872; x_wconf 75' lang='lat' dir='ltr'>oriundos:</span> <span class='ocrx_word' id='word_1_88' title='bbox 1982 1815 1986 1824; x_wconf 89' lang='lat'>·</span> 
     </span>
     <span class='ocr_line' id='line_1_11' title="bbox 256 1919 1911 2047; baseline -0.01 -31"><span class='ocrx_word' id='word_1_89' title='bbox 256 1931 503 2042; x_wconf 86' lang='lat' dir='ltr'>Cogitemus</span> <span class='ocrx_word' id='word_1_90' title='bbox 520 1955 661 2044; x_wconf 93' lang='lat' dir='ltr'>porro,</span> <span class='ocrx_word' id='word_1_91' title='bbox 680 1931 794 2047; x_wconf 91' lang='lat' dir='ltr'>quod</span> <span class='ocrx_word' id='word_1_92' title='bbox 812 1932 942 2018; x_wconf 89' lang='lat' dir='ltr'>sacrae</span> <span class='ocrx_word' id='word_1_93' title='bbox 958 1929 1177 2043; x_wconf 88' lang='lat' dir='ltr'>scripturae</span> <span class='ocrx_word' id='word_1_94' title='bbox 1205 1923 1269 2040; x_wconf 90' lang='lat' dir='ltr'>(s)</span> <span class='ocrx_word' id='word_1_95' title='bbox 1301 1919 1492 2013; x_wconf 88' lang='lat' dir='ltr'>firmatur</span> <span class='ocrx_word' id='word_1_96' title='bbox 1508 1924 1764 2024; x_wconf 84' lang='lat' dir='ltr'>testimonio,</span> <span class='ocrx_word' id='word_1_97' title='bbox 1793 1938 1911 2032; x_wconf 87' lang='lat' dir='ltr'>pere·</span> 
     </span>
     <span class='ocr_line' id='line_1_12' title="bbox 254 2048 1915 2178; baseline -0.011 -32"><span class='ocrx_word' id='word_1_98' title='bbox 254 2066 400 2174; x_wconf 86' lang='lat' dir='ltr'>grinos</span> <span class='ocrx_word' id='word_1_99' title='bbox 418 2059 612 2150; x_wconf 86' lang='lat' dir='ltr'>homines</span> <span class='ocrx_word' id='word_1_100' title='bbox 638 2062 740 2150; x_wconf 92' lang='lat' dir='ltr'>adeo</span> <span class='ocrx_word' id='word_1_101' title='bbox 757 2063 962 2152; x_wconf 86' lang='lat' dir='ltr'>aversatos</span> <span class='ocrx_word' id='word_1_102' title='bbox 986 2057 1064 2147; x_wconf 83' lang='lat' dir='ltr'>else</span> <span class='ocrx_word' id='word_1_103' title='bbox 1089 2062 1329 2174; x_wconf 76' lang='lat' dir='ltr'>Aegyption,</span> <span class='ocrx_word' id='word_1_104' title='bbox 1353 2078 1413 2163; x_wconf 92' lang='lat' dir='ltr'>ut,</span> <span class='ocrx_word' id='word_1_105' title='bbox 1439 2083 1540 2146; x_wconf 91' lang='lat' dir='ltr'>cum</span> <span class='ocrx_word' id='word_1_106' title='bbox 1568 2055 1646 2142; x_wconf 86' lang='lat' dir='ltr'>illis</span> <span class='ocrx_word' id='word_1_107' title='bbox 1671 2052 1797 2152; x_wconf 87' lang='lat' dir='ltr'>vesci,</span> <span class='ocrx_word' id='word_1_108' title='bbox 1823 2048 1915 2178; x_wconf 62' lang='lat' dir='ltr'>pia-⁴</span> 
     </span>
     <span class='ocr_line' id='line_1_13' title="bbox 257 2189 1908 2307; baseline -0.012 -27"><span class='ocrx_word' id='word_1_109' title='bbox 257 2193 397 2280; x_wconf 87' lang='lat' dir='ltr'>culum</span> <span class='ocrx_word' id='word_1_110' title='bbox 429 2197 763 2284; x_wconf 85' lang='lat' dir='ltr'>existimaverint.</span> <span class='ocrx_word' id='word_1_111' title='bbox 827 2194 1112 2280; x_wconf 88' lang='lat' dir='ltr'>Ponderemus</span> <span class='ocrx_word' id='word_1_112' title='bbox 1144 2217 1384 2307; x_wconf 89' lang='lat' dir='ltr'>praeterea,</span> <span class='ocrx_word' id='word_1_113' title='bbox 1417 2189 1530 2307; x_wconf 90' lang='lat' dir='ltr'>quod</span> <span class='ocrx_word' id='word_1_114' title='bbox 1566 2194 1773 2276; x_wconf 87' lang='lat' dir='ltr'>maximae</span> <span class='ocrx_word' id='word_1_115' title='bbox 1799 2189 1908 2270; x_wconf 88' lang='lat' dir='ltr'>inter</span> 
     </span>
     <span class='ocr_line' id='line_1_14' title="bbox 257 2314 1915 2436; baseline -0.008 -24"><span class='ocrx_word' id='word_1_116' title='bbox 257 2331 409 2413; x_wconf 86' lang='lat' dir='ltr'>Graios</span> <span class='ocrx_word' id='word_1_117' title='bbox 439 2333 690 2416; x_wconf 87' lang='lat' dir='ltr'>auctoritatis</span> <span class='ocrx_word' id='word_1_118' title='bbox 713 2326 946 2430; x_wconf 86' lang='lat' dir='ltr'>historicus,</span> <span class='ocrx_word' id='word_1_119' title='bbox 985 2350 1307 2413; x_wconf 79' lang='lat' dir='ltr'>nunonorvs</span> <span class='ocrx_word' id='word_1_120' title='bbox 1336 2331 1418 2433; x_wconf 91' lang='lat' dir='ltr'>(t),</span> <span class='ocrx_word' id='word_1_121' title='bbox 1446 2325 1613 2436; x_wconf 89' lang='lat' dir='ltr'>propria</span> <span class='ocrx_word' id='word_1_122' title='bbox 1635 2323 1816 2410; x_wconf 82' lang='lat' dir='ltr'>edoctus</span> <span class='ocrx_word' id='word_1_123' title='bbox 1836 2314 1915 2400; x_wconf 60' lang='lat' dir='ltr'>ex!</span> 
     </span>
     <span class='ocr_line' id='line_1_15' title="bbox 254 2451 1914 2575; baseline -0.009 -27"><span class='ocrx_word' id='word_1_124' title='bbox 254 2461 463 2575; x_wconf 89' lang='lat' dir='ltr'>perientia,</span> <span class='ocrx_word' id='word_1_125' title='bbox 503 2459 644 2564; x_wconf 89' lang='lat' dir='ltr'>tradit,</span> <span class='ocrx_word' id='word_1_126' title='bbox 681 2462 984 2573; x_wconf 82' lang='lat' dir='ltr'>Aegyptiorum</span> <span class='ocrx_word' id='word_1_127' title='bbox 1022 2459 1236 2545; x_wconf 89' lang='lat' dir='ltr'>neminem</span> <span class='ocrx_word' id='word_1_128' title='bbox 1255 2457 1403 2542; x_wconf 92' lang='lat' dir='ltr'>Graeci</span> <span class='ocrx_word' id='word_1_129' title='bbox 1446 2458 1524 2538; x_wconf 81' lang='lat' dir='ltr'>viri</span> <span class='ocrx_word' id='word_1_130' title='bbox 1558 2478 1607 2539; x_wconf 86' lang='lat' dir='ltr'>os</span> <span class='ocrx_word' id='word_1_131' title='bbox 1639 2453 1717 2541; x_wconf 88' lang='lat' dir='ltr'>else</span> <span class='ocrx_word' id='word_1_132' title='bbox 1751 2451 1914 2569; x_wconf 68' lang='lat' dir='ltr'>suavia·</span> 
     </span>
     <span class='ocr_line' id='line_1_16' title="bbox 255 2579 1916 2700; baseline -0.008 -21"><span class='ocrx_word' id='word_1_133' title='bbox 255 2611 368 2691; x_wconf 84' lang='lat' dir='ltr'>tum3</span> <span class='ocrx_word' id='word_1_134' title='bbox 418 2609 488 2679; x_wconf 92' lang='lat' dir='ltr'>aut</span> <span class='ocrx_word' id='word_1_135' title='bbox 506 2592 661 2694; x_wconf 91' lang='lat' dir='ltr'>cultro,</span> <span class='ocrx_word' id='word_1_136' title='bbox 685 2590 752 2678; x_wconf 90' lang='lat' dir='ltr'>vel</span> <span class='ocrx_word' id='word_1_137' title='bbox 780 2618 896 2692; x_wconf 85' lang='lat' dir='ltr'>veru,</span> <span class='ocrx_word' id='word_1_138' title='bbox 923 2579 989 2676; x_wconf 84' lang='lat' dir='ltr'>vel</span> <span class='ocrx_word' id='word_1_139' title='bbox 1031 2585 1162 2672; x_wconf 89' lang='lat' dir='ltr'>lebete</span> <span class='ocrx_word' id='word_1_140' title='bbox 1188 2591 1277 2674; x_wconf 82' lang='lat' dir='ltr'>cius</span> <span class='ocrx_word' id='word_1_141' title='bbox 1311 2588 1454 2686; x_wconf 82' lang='lat' dir='ltr'>usum3</span> <span class='ocrx_word' id='word_1_142' title='bbox 1489 2602 1561 2670; x_wconf 92' lang='lat' dir='ltr'>aut</span> <span class='ocrx_word' id='word_1_143' title='bbox 1606 2584 1781 2700; x_wconf 83' lang='lat' dir='ltr'>gustasse</span> <span class='ocrx_word' id='word_1_144' title='bbox 1815 2600 1916 2671; x_wconf 76' lang='lat' dir='ltr'>car·¹</span> 
     </span>
     <span class='ocr_line' id='line_1_17' title="bbox 254 2712 1909 2836; baseline -0.005 -28"><span class='ocrx_word' id='word_1_145' title='bbox 254 2749 352 2810; x_wconf 88' lang='lat' dir='ltr'>nem</span> <span class='ocrx_word' id='word_1_146' title='bbox 384 2719 505 2811; x_wconf 85' lang='lat' dir='ltr'>bovis</span> <span class='ocrx_word' id='word_1_147' title='bbox 529 2719 651 2836; x_wconf 80' lang='lat' dir='ltr'>puri,</span> <span class='ocrx_word' id='word_1_148' title='bbox 685 2723 816 2810; x_wconf 90' lang='lat' dir='ltr'>cultro</span> <span class='ocrx_word' id='word_1_149' title='bbox 852 2727 1014 2810; x_wconf 87' lang='lat' dir='ltr'>Gracco</span> <span class='ocrx_word' id='word_1_150' title='bbox 1050 2716 1215 2805; x_wconf 87' lang='lat' dir='ltr'>dissecti.</span> <span class='ocrx_word' id='word_1_151' title='bbox 1271 2719 1388 2808; x_wconf 88' lang='lat' dir='ltr'>Haec</span> <span class='ocrx_word' id='word_1_152' title='bbox 1403 2712 1591 2834; x_wconf 87' lang='lat' dir='ltr'>profecto</span> <span class='ocrx_word' id='word_1_153' title='bbox 1608 2723 1663 2806; x_wconf 85' lang='lat' dir='ltr'>ita</span> <span class='ocrx_word' id='word_1_154' title='bbox 1681 2719 1772 2806; x_wconf 93' lang='lat' dir='ltr'>sunt</span> <span class='ocrx_word' id='word_1_155' title='bbox 1791 2739 1909 2806; x_wconf 92' lang='lat' dir='ltr'>corn·</span> 
     </span>
     <span class='ocr_line' id='line_1_18' title="bbox 173 2833 1919 2970; baseline -0.005 -29"><span class='ocrx_word' id='word_1_156' title='bbox 173 2945 179 2954; x_wconf 71' lang='grc'><strong>,</strong></span> <span class='ocrx_word' id='word_1_157' title='bbox 255 2870 409 2969; x_wconf 86' lang='lat' dir='ltr'>parata,</span> <span class='ocrx_word' id='word_1_158' title='bbox 437 2871 485 2935; x_wconf 93' lang='lat' dir='ltr'>ut</span> <span class='ocrx_word' id='word_1_159' title='bbox 508 2849 682 2936; x_wconf 87' lang='lat' dir='ltr'>iudaeus</span> <span class='ocrx_word' id='word_1_160' title='bbox 703 2851 750 2935; x_wconf 85' lang='lat' dir='ltr'>fit</span> <span class='ocrx_word' id='word_1_161' title='bbox 767 2849 929 2966; x_wconf 84' lang='lat' dir='ltr'>Apella,</span> <span class='ocrx_word' id='word_1_162' title='bbox 952 2852 1024 2964; x_wconf 94' lang='lat' dir='ltr'>qui</span> <span class='ocrx_word' id='word_1_163' title='bbox 1055 2851 1220 2952; x_wconf 89' lang='lat' dir='ltr'>credat,</span> <span class='ocrx_word' id='word_1_164' title='bbox 1248 2853 1476 2970; x_wconf 83' lang='lat' dir='ltr'>Aegyptios</span> <span class='ocrx_word' id='word_1_165' title='bbox 1494 2856 1718 2968; x_wconf 87' lang='lat' dir='ltr'>Canopum</span> <span class='ocrx_word' id='word_1_166' title='bbox 1743 2916 1756 2957; x_wconf 96' lang='lat'>,</span> <span class='ocrx_word' id='word_1_167' title='bbox 1790 2833 1919 2939; x_wconf 75' lang='lat' dir='ltr'>cuius</span> 
     </span>
     <span class='ocr_line' id='line_1_19' title="bbox 254 2978 1899 3105; baseline -0.005 -31"><span class='ocrx_word' id='word_1_168' title='bbox 254 2990 342 3074; x_wconf 88' lang='lat' dir='ltr'>vivi</span> <span class='ocrx_word' id='word_1_169' title='bbox 359 2981 612 3072; x_wconf 89' lang='lat' dir='ltr'>consortium</span> <span class='ocrx_word' id='word_1_170' title='bbox 634 3009 735 3070; x_wconf 88' lang='lat' dir='ltr'>cane</span> <span class='ocrx_word' id='word_1_171' title='bbox 760 3009 976 3099; x_wconf 85' lang='lat' dir='ltr'>angueque</span> <span class='ocrx_word' id='word_1_172' title='bbox 997 2985 1114 3094; x_wconf 84' lang='lat' dir='ltr'>peius</span> <span class='ocrx_word' id='word_1_173' title='bbox 1148 2978 1361 3098; x_wconf 77' lang='lat' dir='ltr'>fugerant,</span> <span class='ocrx_word' id='word_1_174' title='bbox 1394 2993 1542 3095; x_wconf 91' lang='lat' dir='ltr'>tantis,</span> <span class='ocrx_word' id='word_1_175' title='bbox 1575 2989 1665 3105; x_wconf 88' lang='lat' dir='ltr'>post</span> <span class='ocrx_word' id='word_1_176' title='bbox 1701 2999 1899 3086; x_wconf 86' lang='lat' dir='ltr'>n&#39;rortern,</span> 
     </span>
     <span class='ocr_line' id='line_1_20' title="bbox 253 3113 1999 3235; baseline 0.001 -30"><span class='ocrx_word' id='word_1_177' title='bbox 253 3117 492 3235; x_wconf 88' lang='lat' dir='ltr'>prosecutos</span> <span class='ocrx_word' id='word_1_178' title='bbox 517 3113 861 3221; x_wconf 82' lang='lat' dir='ltr'>elle-honoribus,</span> <span class='ocrx_word' id='word_1_179' title='bbox 896 3138 943 3203; x_wconf 93' lang='lat' dir='ltr'>ut</span> <span class='ocrx_word' id='word_1_180' title='bbox 976 3140 1073 3200; x_wconf 93' lang='lat' dir='ltr'>eum</span> <span class='ocrx_word' id='word_1_181' title='bbox 1110 3140 1198 3200; x_wconf 91' lang='lat' dir='ltr'>non</span> <span class='ocrx_word' id='word_1_182' title='bbox 1231 3115 1363 3204; x_wconf 90' lang='lat' dir='ltr'>solum</span> <span class='ocrx_word' id='word_1_183' title='bbox 1391 3126 1499 3207; x_wconf 89' lang='lat' dir='ltr'>inter</span> <span class='ocrx_word' id='word_1_184' title='bbox 1533 3122 1634 3209; x_wconf 84' lang='lat' dir='ltr'>deos</span> <span class='ocrx_word' id='word_1_185' title='bbox 1681 3119 1909 3219; x_wconf 89' lang='lat' dir='ltr'>retulerint,</span> <span class='ocrx_word' id='word_1_186' title='bbox 1996 3201 1999 3207; x_wconf 88' lang='lat'>.</span> 
     </span>
     <span class='ocr_line' id='line_1_21' title="bbox 253 3246 1911 3368; baseline -0.004 -29"><span class='ocrx_word' id='word_1_187' title='bbox 253 3251 491 3352; x_wconf 89' lang='lat' dir='ltr'>sedetiam,</span> <span class='ocrx_word' id='word_1_188' title='bbox 526 3247 617 3364; x_wconf 87' lang='lat' dir='ltr'>post</span> <span class='ocrx_word' id='word_1_189' title='bbox 641 3247 843 3335; x_wconf 88' lang='lat' dir='ltr'>Oliridem</span> <span class='ocrx_word' id='word_1_190' title='bbox 870 3246 1124 3364; x_wconf 83' lang='lat' dir='ltr'>Itidemque,</span> <span class='ocrx_word' id='word_1_191' title='bbox 1161 3271 1318 3335; x_wconf 91' lang='lat' dir='ltr'>numen</span> <span class='ocrx_word' id='word_1_192' title='bbox 1348 3261 1629 3368; x_wconf 84' lang='lat' dir='ltr'>reputaverint</span> <span class='ocrx_word' id='word_1_193' title='bbox 1661 3254 1911 3335; x_wconf 82' lang='lat' dir='ltr'>niaximum.</span> 
     </span>
     <span class='ocr_line' id='line_1_22' title="bbox 249 3366 1914 3503; baseline -0.004 -30"><span class='ocrx_word' id='word_1_194' title='bbox 249 3389 476 3482; x_wconf 84' lang='lat' dir='ltr'>Praeterea,</span> <span class='ocrx_word' id='word_1_195' title='bbox 504 3383 671 3468; x_wconf 86' lang='lat' dir='ltr'>tibicine</span> <span class='ocrx_word' id='word_1_196' title='bbox 703 3379 935 3470; x_wconf 90' lang='lat' dir='ltr'>admodum</span> <span class='ocrx_word' id='word_1_197' title='bbox 953 3388 1067 3469; x_wconf 93' lang='lat' dir='ltr'>tenui</span> <span class='ocrx_word' id='word_1_198' title='bbox 1097 3381 1249 3468; x_wconf 82' lang='lat' dir='ltr'>tultum</span> <span class='ocrx_word' id='word_1_199' title='bbox 1267 3383 1459 3476; x_wconf 86' lang='lat' dir='ltr'>videmus</span> <span class='ocrx_word' id='word_1_200' title='bbox 1483 3401 1792 3503; x_wconf 87' lang='lat' dir='ltr'>argumentum,</span> <span class='ocrx_word' id='word_1_201' title='bbox 1821 3366 1914 3499; x_wconf 73' lang='lat' dir='ltr'>quo</span> 
     </span>
     <span class='ocr_line' id='line_1_23' title="bbox 255 3499 1910 3638; baseline 0 -34"><span class='ocrx_word' id='word_1_202' title='bbox 255 3519 370 3606; x_wconf 89' lang='lat' dir='ltr'>suam</span> <span class='ocrx_word' id='word_1_203' title='bbox 393 3517 443 3605; x_wconf 90' lang='lat' dir='ltr'>de</span> <span class='ocrx_word' id='word_1_204' title='bbox 467 3514 629 3603; x_wconf 91' lang='lat' dir='ltr'>Canobi</span> <span class='ocrx_word' id='word_1_205' title='bbox 661 3519 824 3628; x_wconf 87' lang='lat' dir='ltr'>origine</span> <span class='ocrx_word' id='word_1_206' title='bbox 848 3517 1087 3603; x_wconf 85' lang='lat' dir='ltr'>sententiam</span> <span class='ocrx_word' id='word_1_207' title='bbox 1112 3513 1287 3630; x_wconf 88' lang='lat' dir='ltr'>probare</span> <span class='ocrx_word' id='word_1_208' title='bbox 1307 3522 1493 3638; x_wconf 88' lang='lat' dir='ltr'>satagunt</span> <span class='ocrx_word' id='word_1_209' title='bbox 1520 3521 1725 3610; x_wconf 85' lang='lat' dir='ltr'>Graeculi.</span> <span class='ocrx_word' id='word_1_210' title='bbox 1749 3499 1761 3531; x_wconf 65' lang='lat'>¹</span> <span class='ocrx_word' id='word_1_211' title='bbox 1780 3518 1910 3604; x_wconf 79' lang='lat' dir='ltr'>Desu-</span> 
     </span>
     <span class='ocr_line' id='line_1_24' title="bbox 252 3647 1919 3769; baseline -0.005 -27"><span class='ocrx_word' id='word_1_212' title='bbox 252 3670 377 3742; x_wconf 91' lang='lat' dir='ltr'>munt</span> <span class='ocrx_word' id='word_1_213' title='bbox 415 3647 514 3738; x_wconf 92' lang='lat' dir='ltr'>illud</span> <span class='ocrx_word' id='word_1_214' title='bbox 553 3654 775 3737; x_wconf 86' lang='lat' dir='ltr'>anomine</span> <span class='ocrx_word' id='word_1_215' title='bbox 807 3650 1095 3764; x_wconf 84' lang='lat' dir='ltr'>praefecturae,</span> <span class='ocrx_word' id='word_1_216' title='bbox 1118 3655 1162 3734; x_wconf 93' lang='lat' dir='ltr'>in</span> <span class='ocrx_word' id='word_1_217' title='bbox 1194 3678 1276 3764; x_wconf 88' lang='lat' dir='ltr'>qua</span> <span class='ocrx_word' id='word_1_218' title='bbox 1302 3656 1517 3769; x_wconf 90' lang='lat' dir='ltr'>oppidum,</span> <span class='ocrx_word' id='word_1_219' title='bbox 1543 3657 1663 3744; x_wconf 88' lang='lat' dir='ltr'>sacris</span> <span class='ocrx_word' id='word_1_220' title='bbox 1685 3647 1919 3744; x_wconf 82' lang='lat' dir='ltr'>Canobicis&#39;</span> 
     </span>
     <span class='ocr_line' id='line_1_25' title="bbox 254 3779 1908 3900; baseline -0.007 -26"><span class='ocrx_word' id='word_1_221' title='bbox 254 3781 423 3886; x_wconf 87' lang='lat' dir='ltr'>celebre,</span> <span class='ocrx_word' id='word_1_222' title='bbox 438 3801 523 3868; x_wconf 89' lang='lat' dir='ltr'>erat</span> <span class='ocrx_word' id='word_1_223' title='bbox 543 3782 678 3868; x_wconf 85' lang='lat' dir='ltr'>fitum.</span> <span class='ocrx_word' id='word_1_224' title='bbox 730 3785 874 3891; x_wconf 80' lang='lat' dir='ltr'>Qum</span> <span class='ocrx_word' id='word_1_225' title='bbox 894 3783 1005 3868; x_wconf 89' lang='lat' dir='ltr'>illam</span> <span class='ocrx_word' id='word_1_226' title='bbox 1015 3779 1260 3868; x_wconf 89' lang='lat' dir='ltr'>Menelaiten</span> <span class='ocrx_word' id='word_1_227' title='bbox 1278 3785 1468 3900; x_wconf 89' lang='lat' dir='ltr'>appellari</span> <span class='ocrx_word' id='word_1_228' title='bbox 1486 3786 1703 3891; x_wconf 88' lang='lat' dir='ltr'>audierint,</span> <span class='ocrx_word' id='word_1_229' title='bbox 1712 3783 1908 3884; x_wconf 89' lang='lat' dir='ltr'>arbitrati,</span> 
     </span>
     <span class='ocr_line' id='line_1_26' title="bbox 253 3911 1905 4016; baseline -0.002 -12"><span class='ocrx_word' id='word_1_230' title='bbox 253 3913 353 4004; x_wconf 90' lang='lat' dir='ltr'>illud</span> <span class='ocrx_word' id='word_1_231' title='bbox 380 3940 540 4002; x_wconf 84' lang='lat' dir='ltr'>nomen</span> <span class='ocrx_word' id='word_1_232' title='bbox 574 3912 626 4000; x_wconf 90' lang='lat' dir='ltr'>ab</span> <span class='ocrx_word' id='word_1_233' title='bbox 651 3914 1011 4016; x_wconf 66' lang='lat' dir='ltr'>AtrideMenelao</span> <span class='ocrx_word' id='word_1_234' title='bbox 1038 3911 1116 4001; x_wconf 86' lang='lat' dir='ltr'>else</span> <span class='ocrx_word' id='word_1_235' title='bbox 1143 3936 1341 4003; x_wconf 89' lang='lat' dir='ltr'>tractum:</span> <span class='ocrx_word' id='word_1_236' title='bbox 1373 3917 1501 4002; x_wconf 90' lang='lat' dir='ltr'>dubio</span> <span class='ocrx_word' id='word_1_237' title='bbox 1531 3945 1669 4006; x_wconf 84' lang='lat' dir='ltr'>carere</span> <span class='ocrx_word' id='word_1_238' title='bbox 1700 3922 1820 4005; x_wconf 91' lang='lat' dir='ltr'>omni</span> <span class='ocrx_word' id='word_1_239' title='bbox 1843 3919 1905 4000; x_wconf 92' lang='lat' dir='ltr'>iu.</span> 
     </span>
     <span class='ocr_line' id='line_1_27' title="bbox 253 4039 1918 4162; baseline 0.002 -27"><span class='ocrx_word' id='word_1_240' title='bbox 253 4049 403 4148; x_wconf 90' lang='lat' dir='ltr'>dicant,</span> <span class='ocrx_word' id='word_1_241' title='bbox 430 4041 502 4130; x_wconf 87' lang='lat' dir='ltr'>sub</span> <span class='ocrx_word' id='word_1_242' title='bbox 525 4043 688 4130; x_wconf 88' lang='lat' dir='ltr'>Canobi</span> <span class='ocrx_word' id='word_1_243' title='bbox 710 4049 893 4157; x_wconf 87' lang='lat' dir='ltr'>imagine</span> <span class='ocrx_word' id='word_1_244' title='bbox 916 4039 1026 4128; x_wconf 93' lang='lat' dir='ltr'>haud</span> <span class='ocrx_word' id='word_1_245' title='bbox 1051 4043 1191 4144; x_wconf 86' lang='lat' dir='ltr'>alium,</span> <span class='ocrx_word' id='word_1_246' title='bbox 1213 4069 1340 4153; x_wconf 89' lang='lat' dir='ltr'>quarn</span> <span class='ocrx_word' id='word_1_247' title='bbox 1368 4049 1555 4158; x_wconf 81' lang='lat' dir='ltr'>Spartani</span> <span class='ocrx_word' id='word_1_248' title='bbox 1570 4050 1683 4134; x_wconf 88' lang='lat' dir='ltr'>istius</span> <span class='ocrx_word' id='word_1_249' title='bbox 1700 4046 1918 4162; x_wconf 53' lang='lat' dir='ltr'>gubernas</span> 
     </span>
     <span class='ocr_line' id='line_1_28' title="bbox 251 4171 1918 4297; baseline -0.001 -34"><span class='ocrx_word' id='word_1_250' title='bbox 251 4199 401 4276; x_wconf 91' lang='lat' dir='ltr'>torem,</span> <span class='ocrx_word' id='word_1_251' title='bbox 425 4177 653 4290; x_wconf 83' lang='lat' dir='ltr'>Aegyptios</span> <span class='ocrx_word' id='word_1_252' title='bbox 667 4174 745 4260; x_wconf 86' lang='lat' dir='ltr'>else</span> <span class='ocrx_word' id='word_1_253' title='bbox 765 4196 992 4263; x_wconf 85' lang='lat' dir='ltr'>veneratos.</span> <span class='ocrx_word' id='word_1_254' title='bbox 1051 4176 1143 4260; x_wconf 90' lang='lat' dir='ltr'>Hac</span> <span class='ocrx_word' id='word_1_255' title='bbox 1161 4171 1297 4258; x_wconf 87' lang='lat' dir='ltr'>saltem</span> <span class='ocrx_word' id='word_1_256' title='bbox 1317 4183 1475 4264; x_wconf 88' lang='lat' dir='ltr'>ratione</span> <span class='ocrx_word' id='word_1_257' title='bbox 1490 4175 1648 4268; x_wconf 86' lang='lat' dir='ltr'>firmari</span> <span class='ocrx_word' id='word_1_258' title='bbox 1665 4203 1779 4297; x_wconf 88' lang='lat' dir='ltr'>putat</span> <span class='ocrx_word' id='word_1_259' title='bbox 1814 4207 1918 4265; x_wconf 85' lang='lat' dir='ltr'>uto.</span> 
     </span>
    </p>
   </div>
   <div class='ocr_carea' id='block_1_5' title="bbox 252 4309 1905 4554">
    <p class='ocr_par' dir='ltr' id='par_1_5' title="bbox 252 4309 1905 4554">
     <span class='ocr_line' id='line_1_29' title="bbox 252 4309 1905 4429; baseline -0.001 -31"><span class='ocrx_word' id='word_1_260' title='bbox 252 4334 675 4398; x_wconf 75' lang='lat' dir='ltr'>euersosromvs</span> <span class='ocrx_word' id='word_1_261' title='bbox 710 4310 887 4396; x_wconf 87' lang='lat' dir='ltr'>Menelai</span> <span class='ocrx_word' id='word_1_262' title='bbox 912 4316 957 4394; x_wconf 92' lang='lat' dir='ltr'>in</span> <span class='ocrx_word' id='word_1_263' title='bbox 976 4309 1169 4422; x_wconf 76' lang='lat' dir='ltr'>Aegypto</span> <span class='ocrx_word' id='word_1_264' title='bbox 1185 4317 1563 4402; x_wconf 89' lang='lat' dir='ltr'>commorationem</span> <span class='ocrx_word' id='word_1_265' title='bbox 1591 4316 1671 4429; x_wconf 86' lang='lat' dir='ltr'>(u).</span> <span class='ocrx_word' id='word_1_266' title='bbox 1711 4318 1905 4423; x_wconf 66' lang='grc' dir='ltr'><em>Μενέλεως,</em></span> 
     </span>
     <span class='ocr_line' id='line_1_30' title="bbox 1055 4445 1852 4554; baseline -0.003 -26"><span class='ocrx_word' id='word_1_267' title='bbox 1055 4445 1104 4528; x_wconf 91' lang='grc' dir='ltr'><strong>Μ</strong></span> <span class='ocrx_word' id='word_1_268' title='bbox 1130 4467 1148 4554; x_wconf 83' lang='lat'><em>3</em></span> <span class='ocrx_word' id='word_1_269' title='bbox 1179 4495 1182 4501; x_wconf 90' lang='lat'>-</span> <span class='ocrx_word' id='word_1_270' title='bbox 1223 4459 1227 4464; x_wconf 85' lang='grc'><strong><em>·</em></strong></span> <span class='ocrx_word' id='word_1_271' title='bbox 1843 4459 1852 4476; x_wconf 90' lang='grc'><em>·</em></span> 
     </span>
    </p>
   </div>
   <div class='ocr_carea' id='block_1_6' title="bbox 251 4707 1617 5074">
    <p class='ocr_par' dir='ltr' id='par_1_6' title="bbox 251 4707 1617 5074">
     <span class='ocr_line' id='line_1_31' title="bbox 251 4707 1455 4854; baseline 0 -22"><span class='ocrx_word' id='word_1_272' title='bbox 251 4774 293 4842; x_wconf 87' lang='lat' dir='ltr'>(r)</span> <span class='ocrx_word' id='word_1_273' title='bbox 314 4765 352 4832; x_wconf 93' lang='lat' dir='ltr'>ln</span> <span class='ocrx_word' id='word_1_274' title='bbox 366 4765 521 4832; x_wconf 75' lang='lat' dir='ltr'>Oratione</span> <span class='ocrx_word' id='word_1_275' title='bbox 546 4755 700 4842; x_wconf 73' lang='lat' dir='ltr'>Trosana,</span> <span class='ocrx_word' id='word_1_276' title='bbox 720 4779 779 4830; x_wconf 81' lang='lat' dir='ltr'>aut</span> <span class='ocrx_word' id='word_1_277' title='bbox 793 4761 833 4830; x_wconf 79' lang='lat' dir='ltr'>dr</span> <span class='ocrx_word' id='word_1_278' title='bbox 844 4785 889 4840; x_wconf 84' lang='lat' dir='ltr'>eo,</span> <span class='ocrx_word' id='word_1_279' title='bbox 903 4759 987 4852; x_wconf 82' lang='lat' dir='ltr'>quod</span> <span class='ocrx_word' id='word_1_280' title='bbox 999 4763 1057 4834; x_wconf 81' lang='lat' dir='ltr'>tu-</span> <span class='ocrx_word' id='word_1_281' title='bbox 1076 4707 1082 4718; x_wconf 29' lang='lat'><strong>·</strong></span> <span class='ocrx_word' id='word_1_282' title='bbox 1101 4711 1142 4848; x_wconf 76' lang='lat' dir='ltr'>(t)</span> <span class='ocrx_word' id='word_1_283' title='bbox 1165 4761 1275 4854; x_wconf 74' lang='lat' dir='ltr'>Genrfi</span> <span class='ocrx_word' id='word_1_284' title='bbox 1288 4762 1399 4833; x_wconf 79' lang='lat' dir='ltr'><em>XLIII.</em></span> <span class='ocrx_word' id='word_1_285' title='bbox 1413 4785 1455 4849; x_wconf 82' lang='lat'>31·</span> 
     </span>
     <span class='ocr_line' id='line_1_32' title="bbox 313 4872 1617 4963; baseline -0.001 -22"><span class='ocrx_word' id='word_1_286' title='bbox 313 4895 368 4942; x_wconf 83' lang='lat' dir='ltr'>um</span> <span class='ocrx_word' id='word_1_287' title='bbox 382 4895 443 4940; x_wconf 79' lang='lat' dir='ltr'>nan</span> <span class='ocrx_word' id='word_1_288' title='bbox 466 4889 495 4940; x_wconf 76' lang='lat' dir='ltr'>rt</span> <span class='ocrx_word' id='word_1_289' title='bbox 517 4887 667 4960; x_wconf 80' lang='lat' dir='ltr'>coptum,</span> <span class='ocrx_word' id='word_1_290' title='bbox 689 4891 771 4958; x_wconf 84' lang='lat' dir='ltr'>quac</span> <span class='ocrx_word' id='word_1_291' title='bbox 793 4873 908 4948; x_wconf 82' lang='lat' dir='ltr'>ordine</span> <span class='ocrx_word' id='word_1_292' title='bbox 933 4873 979 4946; x_wconf 83' lang='lat' dir='ltr'>cll</span> <span class='ocrx_word' id='word_1_293' title='bbox 996 4872 1051 4947; x_wconf 84' lang='lat' dir='ltr'>xt.</span> <span class='ocrx_word' id='word_1_294' title='bbox 1097 4873 1136 4958; x_wconf 82' lang='lat' dir='ltr'>(t)</span> <span class='ocrx_word' id='word_1_295' title='bbox 1167 4873 1203 4939; x_wconf 91' lang='lat' dir='ltr'>lu</span> <span class='ocrx_word' id='word_1_296' title='bbox 1219 4874 1361 4963; x_wconf 67' lang='lat' dir='ltr'>Euterpe,</span> <span class='ocrx_word' id='word_1_297' title='bbox 1374 4873 1453 4962; x_wconf 83' lang='lat' dir='ltr'>Cap.</span> <span class='ocrx_word' id='word_1_298' title='bbox 1468 4875 1617 4952; x_wconf 79' lang='grc' dir='ltr'><strong>ΧΧΧΧῙ.</strong></span> 
     </span>
     <span class='ocr_line' id='line_1_33' title="bbox 315 4974 1580 5074; baseline 0.01 -28"><span class='ocrx_word' id='word_1_299' title='bbox 315 5001 385 5070; x_wconf 87' lang='lat' dir='ltr'>pag.</span> <span class='ocrx_word' id='word_1_300' title='bbox 405 4981 464 5050; x_wconf 80' lang='lat'><strong>161.</strong></span> <span class='ocrx_word' id='word_1_301' title='bbox 481 4977 545 5046; x_wconf 79' lang='lat' dir='ltr'>uer</span> <span class='ocrx_word' id='word_1_302' title='bbox 558 4998 629 5068; x_wconf 82' lang='lat' dir='ltr'>pag.</span> <span class='ocrx_word' id='word_1_303' title='bbox 644 4974 751 5054; x_wconf 55' lang='lat' dir='ltr'>198AE</span> <span class='ocrx_word' id='word_1_304' title='bbox 1089 4983 1139 5071; x_wconf 86' lang='lat' dir='ltr'>(u)</span> <span class='ocrx_word' id='word_1_305' title='bbox 1156 4979 1246 5056; x_wconf 83' lang='lat' dir='ltr'>Loco</span> <span class='ocrx_word' id='word_1_306' title='bbox 1260 4980 1368 5066; x_wconf 87' lang='lat' dir='ltr'>citato,</span> <span class='ocrx_word' id='word_1_307' title='bbox 1386 5003 1458 5074; x_wconf 68' lang='lat' dir='ltr'>pag·</span> <span class='ocrx_word' id='word_1_308' title='bbox 1470 4984 1580 5070; x_wconf 58' lang='lat' dir='ltr'>,188st</span> 
     </span>
    </p>
   </div>
   <div class='ocr_carea' id='block_1_7' title="bbox 0 0 2256 6058">
    <p class='ocr_par' dir='ltr' id='par_1_7' title="bbox 0 0 2256 6058">
     <span class='ocr_line' id='line_1_34' title="bbox 0 0 2256 6058; baseline 0 0"><span class='ocrx_word' id='word_1_309' title='bbox 0 0 2256 6058; x_wconf 95' lang='lat' dir='ltr'> </span> 
     </span>
    </p>
   </div>
  </div>
 </body>
</html>
