4504 6060
211 1921 221 1947 ·.
263 1858 643 1976 contemplandum
663 1865 709 1950 in
733 1881 781 1951 ea
807 1859 991 1954 exhibuit
1016 1861 1198 1975 sculptor
1219 1797 1461 1972 ampboralr
1475 1873 1663 1958 numen,
1696 1853 1812 1970 quod
1834 1855 1900 1947 lli·

264 1991 327 2081 dis
350 1987 441 2098 elle,
462 1995 595 2107 quum
613 2013 859 2084 ornamenta
885 1995 1041 2108 capitis,
1057 2015 1218 2080 cornua
1238 2012 1391 2104 nempe
1416 1981 1588 2088 bovillo,¹
1599 1982 1776 2074 vulturis
1796 2016 1897 2106 pen.
2039 2059 2043 2066 .

262 2147 340 2208 nae
357 2139 478 2236 atque
499 2115 562 2209 his
580 2115 902 2234 comprehensus
924 2118 1088 2235 globus,
1105 2109 1326 2238 promtum
1353 2111 1506 2206 faciant
1535 2114 1899 2240 propositumque:

217 2257 225 2286 ‘
260 2251 343 2342 boc
367 2247 589 2339 habuimus
608 2253 791 2354 rationis,
818 2277 895 2338 cur
914 2277 1131 2367 gemmam
1156 2249 1264 2339 hanc
1290 2250 1687 2364 cognominaremus
1718 2253 1899 2351 lfiacam.

133 2383 137 2392 '
260 2373 622 2498 supervacaneum
635 2400 773 2468 autem
792 2381 911 2489 foret,
934 2383 987 2476 ad
1001 2383 1124 2474 buius
1142 2385 1789 2494 toreumatisinterpretationem,
1802 2418 1896 2484 am.

261 2513 369 2630 plius
394 2512 602 2629 disputare
622 2509 674 2598 de
695 2509 805 2598 lsrdis
831 2512 958 2619 idolo,
981 2520 1135 2632 quippe
1157 2517 1277 2602 cuius
1306 2511 1501 2628 inlignia,
1527 2509 1732 2624 attributa,
1757 2523 1896 2620 immo

258 2651 387 2734 etiam
404 2643 671 2755 symbolicam
694 2639 1051 2755 significationem,
1074 2642 1127 2732 ad
1144 2664 1335 2732 veterum
1356 2643 1608 2761 scriptorum
1633 2641 1895 2774 fidem,supra

263 2805 312 2868 ea
350 2781 511 2863 ratione
554 2775 853 2873 enarravimus,
896 2795 945 2858 ut
977 2775 1280 2862 nihilomnino
1320 2773 1397 2865 hac
1419 2783 1466 2866 in
1500 2803 1683 2893 gemma,
1726 2787 1896 2887 artificis
2018 2877 2028 2902 ‚

83 2882 88 2899 '
248 2908 440 3024 scalpro,
457 2907 505 2994 fit
526 2887 782 3019 expellam,
805 2905 906 3019 quin
929 2902 1025 2992 inde
1057 2898 1180 3020 polit
1203 2903 1402 2992 illustrari.
1464 2911 1563 2993 Duo
1587 2934 1732 3003 contra
1757 2920 1896 3040 luper-

264 3045 357 3134 suut
391 3054 632 3140 momenta,
660 3037 705 3121 in
737 3032 866 3123 hocce
895 3034 1188 3160 consideranda
1222 3029 1355 3151 lapide
1370 3096 1391 3141 „
1414 3062 1544 3152 quae,
1585 3043 1700 3162 quod
1718 3073 1807 3143 non
1833 3067 1903 3150 ni·¹

264 3177 322 3272 hil
346 3167 600 3260 obscuritatis
632 3161 784 3254 babent
806 3187 847 3254 et
876 3169 921 3256 in
949 3167 1278 3258 controversiam
1306 3165 1473 3282 pollunt
1502 3180 1673 3282 vocari,
1705 3185 1896 3286 nostrum

265 3315 343 3402 erit
375 3299 633 3419 ponderare,
657 3316 709 3402 et,
748 3321 953 3414 quantum
977 3327 1052 3416 per
1069 3304 1180 3388 vires
1192 3296 1327 3387 licebit
1351 3299 1531 3410 nostras,
1559 3310 1773 3426 explicare.
1825 3327 1896 3416 Al.

267 3467 403 3538 terum
422 3433 493 3532 est,
511 3461 587 3523 cur
600 3433 723 3522 incisa
744 3430 844 3519 haec
854 3459 1022 3546 gemma
1040 3439 1084 3522 in
1106 3437 1312 3522 Mumiam
1328 3434 1459 3522 'fuerit
1473 3443 1674 3551 coniecta,
1687 3449 1839 3572 ibique,
1857 3486 1898 3562 ee

267 3566 435 3692 quidem
446 3557 852 3660 eircavenmculum,
867 3559 1067 3674 reposrtai
1095 3559 1284 3650 Alterum
1301 3589 1417 3692 uero,
1431 3571 1499 3684 cui
1510 3569 1600 3658 usui
1610 3577 1786 3672 eandem
1800 3615 1901 3682 con.

264 3699 482 3794 secraven't
511 3689 693 3780 artifex?
740 3688 892 3778 Nullus
921 3690 1041 3806 plane
1062 3689 1218 3782 ‘dubito
1240 3755 1253 3800 ,
1279 3681 1484 3810 quosdam
1514 3703 1623 3794 inter
1645 3719 1899 3832 antiquarios
2006 3703 2010 3712 ⁴

266 3835 371 3937 fore,
401 3829 473 3943 qui
491 3821 544 3914 ad
572 3827 754 3938 priorem
777 3821 1057 3936 quaestionem
1083 3817 1369 3942 tespondeant,
1396 3827 1507 3918 baud
1534 3835 1662 3925 alium
1691 3847 1736 3932 in
1765 3845 1897 3942 finem

268 3965 403 4055 funeri
431 3954 633 4044 medicato
657 3951 831 4039 insuram
859 3949 939 4038 else
960 3979 1175 4067 gemmam
1197 3953 1308 4044 illam
1335 3956 1520 4068 iliacam,
1546 3992 1692 4082 quam,
1717 3997 1766 4064 ut
1788 3984 1898 4082 mala
1983 4043 1987 4055 a

267 4087 508 4204 depelleret,
550 4103 619 4187 et,
652 4109 705 4171 ne
737 4109 821 4200 qua
852 4090 1001 4175 iniuria
1032 4084 1149 4174 fieret
1179 4085 1398 4194 cadaveri,
1442 4095 1688 4210 prohiberet.
1744 4108 1898 4221 Parum

272 4243 442 4342 quoque
461 4211 620 4318 aberat,
646 4219 748 4330 quin
764 4242 841 4304 nec
860 4245 928 4304 me
946 4214 1203 4332 poenituiss’et
1219 4217 1373 4308 borum
1389 4220 1641 4342 subscribere,
1660 4236 1898 4354 sententiam

270 4347 385 4465 quod
404 4339 694 4453 intelligebam,
721 4349 892 4432 veritate
927 4343 1007 4432 elle
1039 4343 1221 4455 fundata,
1245 4376 1352 4468 quae
1385 4365 1661 4458 nrunnnsss
1688 4379 1913 4470 irruenti¹
2035 4415 2037 4420 ’

266 4503 369 4565 uvs
397 4470 642 4591 (i)'scribit,
668 4470 772 4564 idolo
796 4503 874 4564 non
894 4495 1048 4695 tangam
1070 4481 1308 4618 extrinsecae
1322 4485 1514 4606 sepulcris
1532 4500 1810 4623 Aegyptiorum
1833 4535 1902 4634 ap:

994 4634 1019 4696 ὃ
1067 4636 1089 4694 ²
1807 4643 1902 4760 poni

275 4939 316 5027 (l)
346 4933 461 5029 Oedlpl
486 4937 678 5034 Aegyptiaci
702 4939 808 5018 Torn.
841 4941 898 5064 lll.
923 4939 1081 5040 syntagm
1190 4951 1276 5028 xm.
1289 4979 1358 5056 erp.
1372 4984 1398 5058 5.
1410 4987 1481 5058 pag.
1495 4981 1566 5066 με,
