<?xml version="1.0" encoding="UTF-8"?>
<!DOCTYPE html PUBLIC "-//W3C//DTD XHTML 1.0 Transitional//EN"
    "http://www.w3.org/TR/xhtml1/DTD/xhtml1-transitional.dtd">
<html xmlns="http://www.w3.org/1999/xhtml" xml:lang="en" lang="en">
 <head>
  <title>
</title>
<meta http-equiv="Content-Type" content="text/html;charset=utf-8" />
  <meta name='ocr-system' content='tesseract 3.04.00' />
  <meta name='ocr-capabilities' content='ocr_page ocr_carea ocr_par ocr_line ocrx_word'/>
</head>
<body>
  <div class='ocr_page' id='page_1' title='image "./commentatiodenu00schlgoog_0086.png"; bbox 0 0 4500 6058; ppageno 0'>
   <div class='ocr_carea' id='block_1_1' title="bbox 764 443 1381 962">
    <p class='ocr_par' dir='ltr' id='par_1_1' title="bbox 764 373 1381 962">
     <span class='ocr_line' id='line_1_1' title="bbox 764 443 1337 572; baseline -0.025 4"><span class='ocrx_word' id='word_1_1' title='bbox 764 443 1337 572; x_wconf 66' lang='lat' dir='ltr'><em>&#39;nissen‘</em></span> 
     </span>
     <span class='ocr_line' id='line_1_2' title="bbox 794 729 1381 962; baseline -0.024 -83"><span class='ocrx_word' id='word_1_2' title='bbox 794 735 1198 962; x_wconf 71' lang='lat' dir='ltr'><em>casus</em></span> <span class='ocrx_word' id='word_1_3' title='bbox 1300 729 1381 866; x_wconf 76' lang='lat' dir='ltr'><em>n</em></span> 
     </span>
    </p>
   </div>
   <div class='ocr_carea' id='block_1_2' title="bbox 247 1001 2074 3530">
    <p class='ocr_par' dir='ltr' id='par_1_2' title="bbox 247 1001 1925 1809">
     <span class='ocr_line' id='line_1_3' title="bbox 247 1001 1916 1153; baseline -0.035 -15"><span class='ocrx_word' id='word_1_4' title='bbox 247 1041 442 1136; x_wconf 82' lang='lat' dir='ltr'><em>&#39;elaterior</em></span> <span class='ocrx_word' id='word_1_5' title='bbox 464 1032 703 1153; x_wconf 78' lang='lat' dir='ltr'><em>numismatis</em></span> <span class='ocrx_word' id='word_1_6' title='bbox 729 1025 852 1142; x_wconf 73' lang='lat' dir='ltr'><em>uniri</em></span> <span class='ocrx_word' id='word_1_7' title='bbox 878 1049 977 1144; x_wconf 87' lang='lat' dir='ltr'><em>pars</em></span> <span class='ocrx_word' id='word_1_8' title='bbox 1000 1018 1245 1138; x_wconf 79' lang='lat' dir='ltr'><em>describitur.</em></span> <span class='ocrx_word' id='word_1_9' title='bbox 1267 1013 1389 1103; x_wconf 63' lang='lat' dir='ltr'><em>Tituli</em></span> <span class='ocrx_word' id='word_1_10' title='bbox 1413 1008 1705 1116; x_wconf 52' lang='grc' dir='ltr'><em>’Λυτοκςάτοροῃ</em></span> <span class='ocrx_word' id='word_1_11' title='bbox 1738 1001 1916 1117; x_wconf 69' lang='lat' dir='ltr'><em>impera·</em></span> 
     </span>
     <span class='ocr_line' id='line_1_4' title="bbox 412 1139 1920 1286; baseline -0.032 -24"><span class='ocrx_word' id='word_1_12' title='bbox 412 1175 525 1277; x_wconf 85' lang='lat' dir='ltr'><em>toris,</em></span> <span class='ocrx_word' id='word_1_13' title='bbox 545 1165 721 1286; x_wconf 82' lang='lat' dir='ltr'><em>Caesaris</em></span> <span class='ocrx_word' id='word_1_14' title='bbox 738 1183 777 1251; x_wconf 92' lang='lat' dir='ltr'><em>et</em></span> <span class='ocrx_word' id='word_1_15' title='bbox 800 1157 998 1278; x_wconf 67' lang='lat' dir='ltr'><em>zsssaecd,</em></span> <span class='ocrx_word' id='word_1_16' title='bbox 1008 1149 1097 1272; x_wconf 86' lang='lat' dir='ltr'><em>save</em></span> <span class='ocrx_word' id='word_1_17' title='bbox 1111 1148 1294 1268; x_wconf 80' lang='lat' dir='ltr'><em>Auugsosli,</em></span> <span class='ocrx_word' id='word_1_18' title='bbox 1321 1145 1426 1234; x_wconf 87' lang='lat' dir='ltr'><em>orlis</em></span> <span class='ocrx_word' id='word_1_19' title='bbox 1451 1147 1616 1232; x_wconf 88' lang='lat' dir='ltr'><em>Romani</em></span> <span class='ocrx_word' id='word_1_20' title='bbox 1632 1139 1798 1228; x_wconf 90' lang='lat' dir='ltr'><em>dominis</em></span> <span class='ocrx_word' id='word_1_21' title='bbox 1820 1155 1920 1249; x_wconf 71' lang='lat' dir='ltr'><em>pro.-</em></span> 
     </span>
     <span class='ocr_line' id='line_1_5' title="bbox 409 1267 1922 1427; baseline -0.034 -29"><span class='ocrx_word' id='word_1_22' title='bbox 409 1309 506 1427; x_wconf 86' lang='lat' dir='ltr'><em>prii,</em></span> <span class='ocrx_word' id='word_1_23' title='bbox 512 1302 691 1420; x_wconf 84' lang='lat' dir='ltr'><em>siriasim</em></span> <span class='ocrx_word' id='word_1_24' title='bbox 715 1289 977 1416; x_wconf 86' lang='lat' dir='ltr'><em>explicantur.</em></span> <span class='ocrx_word' id='word_1_25' title='bbox 1033 1285 1238 1376; x_wconf 83' lang='lat' dir='ltr'><em>Hadriani</em></span> <span class='ocrx_word' id='word_1_26' title='bbox 1266 1307 1424 1383; x_wconf 78' lang='lat' dir='ltr'><em>nornen,</em></span> <span class='ocrx_word' id='word_1_27' title='bbox 1441 1281 1559 1368; x_wconf 88' lang='lat' dir='ltr'><em>etiam</em></span> <span class='ocrx_word' id='word_1_28' title='bbox 1576 1271 1653 1384; x_wconf 73' lang='lat' dir='ltr'><em>fine</em></span> <span class='ocrx_word' id='word_1_29' title='bbox 1674 1267 1922 1388; x_wconf 77' lang='lat' dir='ltr'><em>aspiratione,</em></span> 
     </span>
     <span class='ocr_line' id='line_1_6' title="bbox 415 1385 1925 1552; baseline -0.032 -24"><span class='ocrx_word' id='word_1_30' title='bbox 415 1465 502 1528; x_wconf 89' lang='lat' dir='ltr'><em>sum</em></span> <span class='ocrx_word' id='word_1_31' title='bbox 526 1433 615 1522; x_wconf 90' lang='lat' dir='ltr'><em>alirn</em></span> <span class='ocrx_word' id='word_1_32' title='bbox 626 1430 844 1552; x_wconf 85' lang='lat' dir='ltr'><em>scriptum,</em></span> <span class='ocrx_word' id='word_1_33' title='bbox 867 1444 950 1510; x_wconf 90' lang='lat' dir='ltr'><em>tum</em></span> <span class='ocrx_word' id='word_1_34' title='bbox 973 1418 1085 1506; x_wconf 83' lang='lat' dir='ltr'><em>lodie</em></span> <span class='ocrx_word' id='word_1_35' title='bbox 1108 1437 1216 1506; x_wconf 86' lang='lat' dir='ltr'><em>recte</em></span> <span class='ocrx_word' id='word_1_36' title='bbox 1239 1411 1445 1531; x_wconf 77' lang='lat' dir='ltr'><em>scribitur.</em></span> <span class='ocrx_word' id='word_1_37' title='bbox 1503 1407 1678 1514; x_wconf 84' lang='lat' dir='ltr'><em>Eundem</em></span> <span class='ocrx_word' id='word_1_38' title='bbox 1710 1385 1925 1516; x_wconf 80' lang='lat' dir='ltr'><em>inperato-</em></span> 
     </span>
     <span class='ocr_line' id='line_1_7' title="bbox 409 1521 1921 1676; baseline -0.036 -14"><span class='ocrx_word' id='word_1_39' title='bbox 409 1597 496 1661; x_wconf 87' lang='lat' dir='ltr'><em>rem</em></span> <span class='ocrx_word' id='word_1_40' title='bbox 530 1566 667 1654; x_wconf 90' lang='lat' dir='ltr'><em>dicunt</em></span> <span class='ocrx_word' id='word_1_41' title='bbox 686 1559 855 1676; x_wconf 66' lang='lat' dir='ltr'><em>semper«</em></span> <span class='ocrx_word' id='word_1_42' title='bbox 876 1555 1003 1671; x_wconf 89' lang='lat' dir='ltr'><em>capite</em></span> <span class='ocrx_word' id='word_1_43' title='bbox 1021 1624 1023 1632; x_wconf 94' lang='lat'><em>.</em></span> <span class='ocrx_word' id='word_1_44' title='bbox 1032 1547 1154 1666; x_wconf 80' lang='lat' dir='ltr'><em>fucffe</em></span> <span class='ocrx_word' id='word_1_45' title='bbox 1189 1563 1337 1660; x_wconf 88' lang='lat' dir='ltr'><em>aperto.</em></span> <span class='ocrx_word' id='word_1_46' title='bbox 1392 1534 1552 1656; x_wconf 81' lang='lat' dir='ltr'><em>Duplex</em></span> <span class='ocrx_word' id='word_1_47' title='bbox 1598 1533 1676 1644; x_wconf 86' lang='lat' dir='ltr'><em>lob.</em></span> <span class='ocrx_word' id='word_1_48' title='bbox 1716 1521 1921 1646; x_wconf 84' lang='lat' dir='ltr'><em>Horduini</em></span> 
     </span>
     <span class='ocr_line' id='line_1_8' title="bbox 410 1649 1917 1809; baseline -0.033 -18"><span class='ocrx_word' id='word_1_49' title='bbox 410 1719 665 1792; x_wconf 87' lang='lat' dir='ltr'><em>commentum</em></span> <span class='ocrx_word' id='word_1_50' title='bbox 693 1687 935 1809; x_wconf 71' lang='lat' dir='ltr'><em>&#39;explodstssa</em></span> <span class='ocrx_word' id='word_1_51' title='bbox 999 1687 1158 1787; x_wconf 71' lang='lat' dir='ltr'><em>vCorona</em></span> <span class='ocrx_word' id='word_1_52' title='bbox 1201 1677 1340 1767; x_wconf 91' lang='lat' dir='ltr'><em>laurea</em></span> <span class='ocrx_word' id='word_1_53' title='bbox 1374 1677 1550 1792; x_wconf 89' lang='lat' dir='ltr'><em>primum</em></span> <span class='ocrx_word' id='word_1_54' title='bbox 1586 1649 1917 1780; x_wconf 79' lang='lat' dir='ltr'><em>triumphantium</em></span> 
     </span>
    </p>

    <p class='ocr_par' dir='ltr' id='par_1_3' title="bbox 326 1801 2074 3530">
     <span class='ocr_line' id='line_1_9' title="bbox 326 1801 2074 1956; baseline -0.031 -29"><span class='ocrx_word' id='word_1_55' title='bbox 326 1819 329 1826; x_wconf 11' lang='grc' dir='ltr'><strong><em>Δ</em></strong></span> <span class='ocrx_word' id='word_1_56' title='bbox 399 1835 491 1956; x_wconf 87' lang='lat' dir='ltr'><em>suit</em></span> <span class='ocrx_word' id='word_1_57' title='bbox 510 1828 724 1948; x_wconf 85' lang='lat' dir='ltr'><em>gestamen,</em></span> <span class='ocrx_word' id='word_1_58' title='bbox 746 1820 886 1913; x_wconf 90' lang='lat' dir='ltr'><em>deinde</em></span> <span class='ocrx_word' id='word_1_59' title='bbox 910 1847 1007 1908; x_wconf 87' lang='lat' dir='ltr'><em>vero</em></span> <span class='ocrx_word' id='word_1_60' title='bbox 1018 1817 1269 1935; x_wconf 79' lang='lat' dir='ltr'><em>principatus</em></span> <span class='ocrx_word' id='word_1_61' title='bbox 1294 1805 1448 1925; x_wconf 81' lang='lat' dir='ltr'><em>infigat.</em></span> <span class='ocrx_word' id='word_1_62' title='bbox 1505 1801 1780 1916; x_wconf 82' lang='lat' dir='ltr'><em>imperatrices</em></span> <span class='ocrx_word' id='word_1_63' title='bbox 1801 1817 1920 1908; x_wconf 82' lang='lat' dir='ltr'><em>quoe·</em></span> <span class='ocrx_word' id='word_1_64' title='bbox 2070 1871 2074 1886; x_wconf 6' lang='lat' dir='ltr'><em>a,</em></span> 
     </span>
     <span class='ocr_line' id='line_1_10' title="bbox 409 1915 1921 2078; baseline -0.032 -21"><span class='ocrx_word' id='word_1_65' title='bbox 409 1967 504 2056; x_wconf 89' lang='lat' dir='ltr'><em>dam</em></span> <span class='ocrx_word' id='word_1_66' title='bbox 526 1961 743 2052; x_wconf 85' lang='lat' dir='ltr'><em>laureatae.</em></span> <span class='ocrx_word' id='word_1_67' title='bbox 783 1957 950 2078; x_wconf 75' lang='lat' dir='ltr'><em>-Qare</em></span> <span class='ocrx_word' id='word_1_68' title='bbox 980 1953 1263 2066; x_wconf 89' lang='lat' dir='ltr'><em>imperatores,</em></span> <span class='ocrx_word' id='word_1_69' title='bbox 1293 1945 1338 2033; x_wconf 90' lang='lat' dir='ltr'><em>in</em></span> <span class='ocrx_word' id='word_1_70' title='bbox 1364 1943 1513 2046; x_wconf 88' lang='lat' dir='ltr'><em>narnis,</em></span> <span class='ocrx_word' id='word_1_71' title='bbox 1542 1963 1647 2026; x_wconf 90' lang='lat' dir='ltr'><em>nunc</em></span> <span class='ocrx_word' id='word_1_72' title='bbox 1680 1929 1818 2020; x_wconf 85' lang='lat' dir='ltr'><em>laureo</em></span> <span class='ocrx_word' id='word_1_73' title='bbox 1834 1915 1921 2038; x_wconf 77' lang='lat' dir='ltr'><em>fiat</em></span> 
     </span>
     <span class='ocr_line' id='line_1_11' title="bbox 413 2055 1919 2201; baseline -0.029 -14"><span class='ocrx_word' id='word_1_74' title='bbox 413 2098 557 2201; x_wconf 88' lang='lat' dir='ltr'><em>cincti,</em></span> <span class='ocrx_word' id='word_1_75' title='bbox 594 2118 698 2181; x_wconf 91' lang='lat' dir='ltr'><em>nunc</em></span> <span class='ocrx_word' id='word_1_76' title='bbox 738 2115 835 2177; x_wconf 85' lang='lat' dir='ltr'><em>vero</em></span> <span class='ocrx_word' id='word_1_77' title='bbox 872 2085 1006 2173; x_wconf 88' lang='lat' dir='ltr'><em>eadem</em></span> <span class='ocrx_word' id='word_1_78' title='bbox 1034 2101 1218 2184; x_wconf 88' lang='lat' dir='ltr'><em>careant,</em></span> <span class='ocrx_word' id='word_1_79' title='bbox 1260 2075 1511 2196; x_wconf 86' lang='lat' dir='ltr'><em>expenditur.</em></span> <span class='ocrx_word' id='word_1_80' title='bbox 1574 2075 1730 2160; x_wconf 86' lang='lat' dir='ltr'><em>Comum</em></span> <span class='ocrx_word' id='word_1_81' title='bbox 1757 2055 1919 2152; x_wconf 81' lang='lat' dir='ltr'><em>salami-</em></span> 
     </span>
     <span class='ocr_line' id='line_1_12' title="bbox 408 2188 1986 2340; baseline -0.027 -25"><span class='ocrx_word' id='word_1_82' title='bbox 408 2227 580 2340; x_wconf 78' lang='lat' dir='ltr'><em>plruton</em></span> <span class='ocrx_word' id='word_1_83' title='bbox 601 2217 795 2336; x_wconf 78' lang='lat' dir='ltr'><em>mollitiem</em></span> <span class='ocrx_word' id='word_1_84' title='bbox 822 2214 1003 2304; x_wconf 81' lang='lat' dir='ltr'><em>indicare</em></span> <span class='ocrx_word' id='word_1_85' title='bbox 1025 2232 1063 2300; x_wconf 88' lang='lat' dir='ltr'><em>et</em></span> <span class='ocrx_word' id='word_1_86' title='bbox 1085 2210 1299 2328; x_wconf 89' lang='lat' dir='ltr'><em>lasciviam,</em></span> <span class='ocrx_word' id='word_1_87' title='bbox 1329 2229 1485 2298; x_wconf 82' lang='lat' dir='ltr'><em>ueteres</em></span> <span class='ocrx_word' id='word_1_88' title='bbox 1503 2201 1771 2292; x_wconf 90' lang='lat' dir='ltr'><em>crediderunt.</em></span> <span class='ocrx_word' id='word_1_89' title='bbox 1826 2188 1914 2278; x_wconf 85' lang='lat' dir='ltr'><em>Ho-</em></span> <span class='ocrx_word' id='word_1_90' title='bbox 1970 2280 1986 2308; x_wconf 51' lang='grc'>,</span> 
     </span>
     <span class='ocr_line' id='line_1_13' title="bbox 416 2329 1921 2462; baseline -0.027 -12"><span class='ocrx_word' id='word_1_91' title='bbox 416 2361 587 2450; x_wconf 88' lang='lat' dir='ltr'><em>drianus</em></span> <span class='ocrx_word' id='word_1_92' title='bbox 615 2374 655 2442; x_wconf 94' lang='lat' dir='ltr'><em>et</em></span> <span class='ocrx_word' id='word_1_93' title='bbox 676 2348 860 2454; x_wconf 87' lang='lat' dir='ltr'><em>timidus,</em></span> <span class='ocrx_word' id='word_1_94' title='bbox 880 2368 920 2436; x_wconf 92' lang='lat' dir='ltr'><em>et</em></span> <span class='ocrx_word' id='word_1_95' title='bbox 943 2342 1176 2462; x_wconf 74' lang='lat' dir='ltr'><em>libidinosos.</em></span> <span class='ocrx_word' id='word_1_96' title='bbox 1233 2331 1415 2462; x_wconf 82' lang='lat' dir='ltr'><em>Capillos,</em></span> <span class='ocrx_word' id='word_1_97' title='bbox 1439 2341 1498 2428; x_wconf 89' lang='lat' dir='ltr'><em>ita</em></span> <span class='ocrx_word' id='word_1_98' title='bbox 1528 2353 1700 2452; x_wconf 85' lang='lat' dir='ltr'><em>tegentes</em></span> <span class='ocrx_word' id='word_1_99' title='bbox 1729 2329 1921 2444; x_wconf 67' lang='lat' dir='ltr'><em>scomma</em></span> 
     </span>
     <span class='ocr_line' id='line_1_14' title="bbox 415 2457 1915 2603; baseline -0.027 -19"><span class='ocrx_word' id='word_1_100' title='bbox 415 2513 464 2584; x_wconf 79' lang='lat' dir='ltr'><em>nt</em></span> <span class='ocrx_word' id='word_1_101' title='bbox 480 2489 537 2579; x_wconf 88' lang='lat' dir='ltr'><em>od</em></span> <span class='ocrx_word' id='word_1_102' title='bbox 551 2482 898 2603; x_wconf 77' lang='lat' dir='ltr'><em>superciliumque</em></span> <span class='ocrx_word' id='word_1_103' title='bbox 923 2471 1117 2600; x_wconf 80' lang='lat' dir='ltr'><em>defluant,</em></span> <span class='ocrx_word' id='word_1_104' title='bbox 1139 2477 1328 2565; x_wconf 81' lang='lat' dir='ltr'><em>denotare</em></span> <span class='ocrx_word' id='word_1_105' title='bbox 1341 2457 1755 2586; x_wconf 79' lang='lat' dir='ltr'><em>animum,fiugulo&#39;ri.</em></span> <span class='ocrx_word' id='word_1_106' title='bbox 1772 2466 1915 2552; x_wconf 88' lang='lat' dir='ltr'><em>imma·</em></span> 
     </span>
     <span class='ocr_line' id='line_1_15' title="bbox 409 2603 1915 2738; baseline -0.023 -22"><span class='ocrx_word' id='word_1_107' title='bbox 409 2628 538 2716; x_wconf 81' lang='lat' dir='ltr'><em>nitate</em></span> <span class='ocrx_word' id='word_1_108' title='bbox 557 2615 806 2738; x_wconf 87' lang='lat' dir='ltr'><em>praeditum,</em></span> <span class='ocrx_word' id='word_1_109' title='bbox 833 2610 1002 2702; x_wconf 86' lang='lat' dir='ltr'><em>tradunt</em></span> <span class='ocrx_word' id='word_1_110' title='bbox 1021 2603 1288 2728; x_wconf 79' lang='lat' dir='ltr'><em>phyfioguoni.</em></span> <span class='ocrx_word' id='word_1_111' title='bbox 1343 2605 1578 2698; x_wconf 84' lang='lat' dir='ltr'><em>Hadrianus</em></span> <span class='ocrx_word' id='word_1_112' title='bbox 1604 2624 1751 2690; x_wconf 87' lang='lat' dir='ltr'><em>natura</em></span> <span class='ocrx_word' id='word_1_113' title='bbox 1766 2607 1915 2719; x_wconf 80' lang='lat' dir='ltr'><em>saevus</em></span> 
     </span>
     <span class='ocr_line' id='line_1_16' title="bbox 408 2729 1916 2860; baseline -0.019 -15"><span class='ocrx_word' id='word_1_114' title='bbox 408 2775 449 2844; x_wconf 86' lang='lat' dir='ltr'><em>et</em></span> <span class='ocrx_word' id='word_1_115' title='bbox 475 2743 908 2860; x_wconf 78' lang='lat' dir='ltr'><em>crudelitateiinflumis.</em></span> <span class='ocrx_word' id='word_1_116' title='bbox 964 2745 1089 2860; x_wconf 88' lang='lat' dir='ltr'><em>Caput</em></span> <span class='ocrx_word' id='word_1_117' title='bbox 1113 2740 1207 2859; x_wconf 90' lang='lat' dir='ltr'><em>plus</em></span> <span class='ocrx_word' id='word_1_118' title='bbox 1231 2745 1275 2830; x_wconf 90' lang='lat' dir='ltr'><em>iu</em></span> <span class='ocrx_word' id='word_1_119' title='bbox 1300 2742 1463 2857; x_wconf 87' lang='lat' dir='ltr'><em>occiput,</em></span> <span class='ocrx_word' id='word_1_120' title='bbox 1489 2764 1606 2854; x_wconf 83' lang='lat' dir='ltr'><em>quam</em></span> <span class='ocrx_word' id='word_1_121' title='bbox 1624 2729 1798 2852; x_wconf 81' lang='lat' dir='ltr'><em>finciput</em></span> <span class='ocrx_word' id='word_1_122' title='bbox 1817 2753 1916 2851; x_wconf 90' lang='lat' dir='ltr'><em>pro·</em></span> 
     </span>
     <span class='ocr_line' id='line_1_17' title="bbox 408 2871 2046 2997; baseline -0.015 -23"><span class='ocrx_word' id='word_1_123' title='bbox 408 2886 563 2973; x_wconf 85' lang='lat' dir='ltr'><em>minens</em></span> <span class='ocrx_word' id='word_1_124' title='bbox 592 2879 819 2966; x_wconf 86' lang='lat' dir='ltr'><em>memoriam</em></span> <span class='ocrx_word' id='word_1_125' title='bbox 840 2874 1112 2964; x_wconf 70' lang='lat' dir='ltr'><em>admirabilem</em></span> <span class='ocrx_word' id='word_1_126' title='bbox 1134 2898 1253 2997; x_wconf 85' lang='lat' dir='ltr'><em>atque</em></span> <span class='ocrx_word' id='word_1_127' title='bbox 1279 2878 1428 2991; x_wconf 85' lang='lat' dir='ltr'><em>ingenii</em></span> <span class='ocrx_word' id='word_1_128' title='bbox 1454 2880 1538 2963; x_wconf 86' lang='lat' dir='ltr'><em>vin</em></span> <span class='ocrx_word' id='word_1_129' title='bbox 1554 2871 1792 2989; x_wconf 78' lang='lat' dir='ltr'><em>singularem</em></span> <span class='ocrx_word' id='word_1_130' title='bbox 1815 2891 1912 2986; x_wconf 86' lang='lat' dir='ltr'><em>pro·</em></span> <span class='ocrx_word' id='word_1_131' title='bbox 2042 2883 2046 2900; x_wconf 88' lang='lat'><strong>·</strong></span> 
     </span>
     <span class='ocr_line' id='line_1_18' title="bbox 407 3003 1912 3132; baseline -0.015 -26"><span class='ocrx_word' id='word_1_132' title='bbox 407 3015 492 3132; x_wconf 78' lang='lat' dir='ltr'><em>dit.</em></span> <span class='ocrx_word' id='word_1_133' title='bbox 536 3012 724 3130; x_wconf 81' lang='lat' dir='ltr'><em>Vtraque</em></span> <span class='ocrx_word' id='word_1_134' title='bbox 742 3007 868 3095; x_wconf 87' lang='lat' dir='ltr'><em>animi</em></span> <span class='ocrx_word' id='word_1_135' title='bbox 889 3004 978 3094; x_wconf 92' lang='lat' dir='ltr'><em>dote</em></span> <span class='ocrx_word' id='word_1_136' title='bbox 1000 3005 1211 3117; x_wconf 79' lang='lat' dir='ltr'><em>instructas</em></span> <span class='ocrx_word' id='word_1_137' title='bbox 1230 3007 1318 3120; x_wconf 88' lang='lat' dir='ltr'><em>fuit</em></span> <span class='ocrx_word' id='word_1_138' title='bbox 1341 3007 1596 3122; x_wconf 87' lang='lat' dir='ltr'><em>Hadrianus,</em></span> <span class='ocrx_word' id='word_1_139' title='bbox 1628 3008 1695 3124; x_wconf 83' lang='lat' dir='ltr'><em>qui</em></span> <span class='ocrx_word' id='word_1_140' title='bbox 1715 3003 1840 3104; x_wconf 29' lang='lat' dir='ltr'><em>,etiarn</em></span> <span class='ocrx_word' id='word_1_141' title='bbox 1868 3025 1912 3085; x_wconf 89' lang='lat' dir='ltr'><em>o·</em></span> 
     </span>
     <span class='ocr_line' id='line_1_19' title="bbox 413 3135 1913 3260; baseline -0.01 -23"><span class='ocrx_word' id='word_1_142' title='bbox 413 3169 525 3236; x_wconf 88' lang='lat' dir='ltr'><em>tanes</em></span> <span class='ocrx_word' id='word_1_143' title='bbox 546 3141 687 3259; x_wconf 86' lang='lat' dir='ltr'><em>ferne</em></span> <span class='ocrx_word' id='word_1_144' title='bbox 723 3157 835 3228; x_wconf 88' lang='lat' dir='ltr'><em>artes</em></span> <span class='ocrx_word' id='word_1_145' title='bbox 861 3135 914 3248; x_wconf 81' lang='lat' dir='ltr'><em>esi</em></span> <span class='ocrx_word' id='word_1_146' title='bbox 944 3137 1183 3255; x_wconf 86' lang='lat' dir='ltr'><em>complexus,</em></span> <span class='ocrx_word' id='word_1_147' title='bbox 1199 3160 1240 3229; x_wconf 90' lang='lat' dir='ltr'><em>et</em></span> <span class='ocrx_word' id='word_1_148' title='bbox 1270 3137 1485 3228; x_wconf 89' lang='lat' dir='ltr'><em>eorundem</em></span> <span class='ocrx_word' id='word_1_149' title='bbox 1515 3139 1711 3260; x_wconf 79' lang='lat' dir='ltr'><em>quasdam</em></span> <span class='ocrx_word' id='word_1_150' title='bbox 1743 3135 1913 3255; x_wconf 86' lang='lat' dir='ltr'><em>scriptis</em></span> 
     </span>
     <span class='ocr_line' id='line_1_20' title="bbox 398 3263 1912 3402; baseline -0.009 -35"><span class='ocrx_word' id='word_1_151' title='bbox 398 3272 631 3402; x_wconf 79' lang='lat' dir='ltr'><em>perpolivit.</em></span> <span class='ocrx_word' id='word_1_152' title='bbox 676 3263 1198 3389; x_wconf 74' lang='lat' dir='ltr'><em>&#39;Oculifhblatifignificont</em></span> <span class='ocrx_word' id='word_1_153' title='bbox 1219 3271 1483 3378; x_wconf 73' lang='lat' dir='ltr'><em>animemed</em></span> <span class='ocrx_word' id='word_1_154' title='bbox 1509 3272 1785 3389; x_wconf 86' lang='lat' dir='ltr'><em>arrogantiam</em></span> <span class='ocrx_word' id='word_1_155' title='bbox 1815 3289 1912 3384; x_wconf 92' lang='lat' dir='ltr'><em>pro·</em></span> 
     </span>
     <span class='ocr_line' id='line_1_21' title="bbox 404 3389 1956 3530; baseline -0.004 -34"><span class='ocrx_word' id='word_1_156' title='bbox 404 3432 512 3495; x_wconf 88' lang='lat' dir='ltr'><em>num.</em></span> <span class='ocrx_word' id='word_1_157' title='bbox 558 3401 815 3511; x_wconf 84' lang='lat' dir='ltr'><em>Hadrianus,</em></span> <span class='ocrx_word' id='word_1_158' title='bbox 820 3401 1005 3528; x_wconf 80' lang='lat' dir='ltr'><em>soperbia</em></span> <span class='ocrx_word' id='word_1_159' title='bbox 1030 3403 1302 3518; x_wconf 82' lang='lat' dir='ltr'><em>intolerabilis,</em></span> <span class='ocrx_word' id='word_1_160' title='bbox 1322 3411 1479 3530; x_wconf 89' lang='lat' dir='ltr'><em>primus</em></span> <span class='ocrx_word' id='word_1_161' title='bbox 1505 3411 1788 3529; x_wconf 82' lang='lat' dir='ltr'><em>imperatorum</em></span> <span class='ocrx_word' id='word_1_162' title='bbox 1813 3391 1910 3494; x_wconf 83' lang='lat' dir='ltr'><em>lar·</em></span> <span class='ocrx_word' id='word_1_163' title='bbox 1950 3389 1956 3402; x_wconf 79' lang='grc'>’</span> 
     </span>
    </p>
   </div>
   <div class='ocr_carea' id='block_1_3' title="bbox 236 3871 2004 4978">
    <p class='ocr_par' dir='ltr' id='par_1_4' title="bbox 236 3871 2004 4978">
     <span class='ocr_line' id='line_1_22' title="bbox 389 3871 1905 4014; baseline -0.012 -34.307"><span class='ocrx_word' id='word_1_164' title='bbox 389 3872 493 4014; x_wconf 33' lang='grc' dir='ltr'><em>ἤϊ’]</em></span> <span class='ocrx_word' id='word_1_165' title='bbox 504 3900 506 3903; x_wconf 81' lang='grc'><strong>’</strong></span> <span class='ocrx_word' id='word_1_166' title='bbox 537 3875 722 4008; x_wconf 83' lang='lat' dir='ltr'><em>xplicatis</em></span> <span class='ocrx_word' id='word_1_167' title='bbox 736 3881 918 4002; x_wconf 61' lang='lat' dir='ltr'><em>linquae</em></span> <span class='ocrx_word' id='word_1_168' title='bbox 927 3872 981 3974; x_wconf 84' lang='lat' dir='ltr'><em>de</em></span> <span class='ocrx_word' id='word_1_169' title='bbox 990 3882 1161 3976; x_wconf 81' lang='lat' dir='ltr'><em>materia</em></span> <span class='ocrx_word' id='word_1_170' title='bbox 1179 3875 1338 4002; x_wconf 84' lang='lat' dir='ltr'><em>usuque</em></span> <span class='ocrx_word' id='word_1_171' title='bbox 1354 3879 1615 3975; x_wconf 83' lang='lat' dir='ltr'><em>numismatis</em></span> <span class='ocrx_word' id='word_1_172' title='bbox 1627 3871 1759 3969; x_wconf 80' lang='lat' dir='ltr'><em>nostri</em></span> <span class='ocrx_word' id='word_1_173' title='bbox 1769 3873 1905 3964; x_wconf 68' lang='lat' dir='ltr'><em>entra⁸</em></span> 
     </span>
     <span class='ocr_line' id='line_1_23' title="bbox 436 4009 2004 4138; baseline -0.012 -24.925"><span class='ocrx_word' id='word_1_174' title='bbox 436 4035 491 4123; x_wconf 48' lang='grc' dir='ltr'><em>ΨΥ</em></span> <span class='ocrx_word' id='word_1_175' title='bbox 569 4018 783 4107; x_wconf 81' lang='lat' dir='ltr'><em>ordinario</em></span> <span class='ocrx_word' id='word_1_176' title='bbox 809 4044 927 4112; x_wconf 82' lang='lat' dir='ltr'><em>esunt</em></span> <span class='ocrx_word' id='word_1_177' title='bbox 945 4021 1146 4126; x_wconf 83' lang='lat' dir='ltr'><em>dicenda,</em></span> <span class='ocrx_word' id='word_1_178' title='bbox 1175 4045 1466 4138; x_wconf 79' lang='lat' dir='ltr'><em>quantumque</em></span> <span class='ocrx_word' id='word_1_179' title='bbox 1491 4026 1672 4138; x_wconf 86' lang='lat' dir='ltr'><em>pretium</em></span> <span class='ocrx_word' id='word_1_180' title='bbox 1702 4012 1838 4102; x_wconf 86' lang='lat' dir='ltr'><em>eidem</em></span> <span class='ocrx_word' id='word_1_181' title='bbox 1852 4009 1905 4100; x_wconf 86' lang='lat' dir='ltr'><em>fit</em></span> <span class='ocrx_word' id='word_1_182' title='bbox 1994 4059 2004 4070; x_wconf 88' lang='lat'><strong>·</strong></span> 
     </span>
     <span class='ocr_line' id='line_1_24' title="bbox 268 4126 1953 4309; baseline -0.012 -59.05"><span class='ocrx_word' id='word_1_183' title='bbox 268 4126 505 4309; x_wconf 30' lang='lat' dir='ltr'><em>&amp;aff</em></span> <span class='ocrx_word' id='word_1_184' title='bbox 571 4153 674 4242; x_wconf 88' lang='lat' dir='ltr'><em>cons</em></span> <span class='ocrx_word' id='word_1_185' title='bbox 685 4149 1163 4267; x_wconf 75' lang='lat' dir='ltr'><em>iuuandum,ostendunt,</em></span> <span class='ocrx_word' id='word_1_186' title='bbox 1182 4153 1311 4242; x_wconf 87' lang='lat' dir='ltr'><em>nostri</em></span> <span class='ocrx_word' id='word_1_187' title='bbox 1325 4161 1402 4243; x_wconf 83' lang='lat' dir='ltr'><em>erit</em></span> <span class='ocrx_word' id='word_1_188' title='bbox 1422 4150 1565 4259; x_wconf 84' lang='lat' dir='ltr'><em>officii,</em></span> <span class='ocrx_word' id='word_1_189' title='bbox 1590 4153 1697 4240; x_wconf 83' lang='lat' dir='ltr'><em>latus</em></span> <span class='ocrx_word' id='word_1_190' title='bbox 1712 4145 1835 4234; x_wconf 84' lang='lat' dir='ltr'><em>huius</em></span> <span class='ocrx_word' id='word_1_191' title='bbox 1845 4149 1902 4232; x_wconf 88' lang='lat' dir='ltr'><em>ci·</em></span> <span class='ocrx_word' id='word_1_192' title='bbox 1945 4189 1953 4198; x_wconf 92' lang='lat'><strong>·</strong></span> 
     </span>
     <span class='ocr_line' id='line_1_25' title="bbox 308 4284 1902 4419; baseline -0.009 -39.195"><span class='ocrx_word' id='word_1_193' title='bbox 308 4322 466 4419; x_wconf 41' lang='grc' dir='ltr'><em>τῇ</em></span> <span class='ocrx_word' id='word_1_194' title='bbox 567 4291 677 4380; x_wconf 82' lang='lat' dir='ltr'><em>mclii</em></span> <span class='ocrx_word' id='word_1_195' title='bbox 693 4315 921 4413; x_wconf 87' lang='lat' dir='ltr'><em>utrumque</em></span> <span class='ocrx_word' id='word_1_196' title='bbox 938 4301 994 4386; x_wconf 82' lang='lat' dir='ltr'><em>ita</em></span> <span class='ocrx_word' id='word_1_197' title='bbox 1010 4313 1214 4394; x_wconf 70' lang='lat' dir='ltr'><em>enarrare,</em></span> <span class='ocrx_word' id='word_1_198' title='bbox 1231 4311 1289 4400; x_wconf 89' lang='lat' dir='ltr'><em>ut,</em></span> <span class='ocrx_word' id='word_1_199' title='bbox 1305 4285 1337 4384; x_wconf 82' lang='lat' dir='ltr'><em>su</em></span> <span class='ocrx_word' id='word_1_200' title='bbox 1353 4315 1441 4384; x_wconf 89' lang='lat' dir='ltr'><em>non</em></span> <span class='ocrx_word' id='word_1_201' title='bbox 1458 4297 1615 4392; x_wconf 81' lang='lat' dir='ltr'><em>omnia,</em></span> <span class='ocrx_word' id='word_1_202' title='bbox 1638 4307 1680 4378; x_wconf 81' lang='lat' dir='ltr'><em>at</em></span> <span class='ocrx_word' id='word_1_203' title='bbox 1705 4284 1902 4402; x_wconf 86' lang='lat' dir='ltr'><em>pleraque</em></span> 
     </span>
     <span class='ocr_line' id='line_1_26' title="bbox 553 4421 1900 4548; baseline -0.007 -32"><span class='ocrx_word' id='word_1_204' title='bbox 553 4427 695 4516; x_wconf 83' lang='lat' dir='ltr'><em>saltem</em></span> <span class='ocrx_word' id='word_1_205' title='bbox 730 4451 948 4518; x_wconf 81' lang='lat' dir='ltr'><em>momenta</em></span> <span class='ocrx_word' id='word_1_206' title='bbox 984 4445 1151 4544; x_wconf 81' lang='lat' dir='ltr'><em>promta</em></span> <span class='ocrx_word' id='word_1_207' title='bbox 1191 4421 1294 4516; x_wconf 81' lang='lat' dir='ltr'><em>fiant</em></span> <span class='ocrx_word' id='word_1_208' title='bbox 1326 4431 1642 4548; x_wconf 76' lang='lat' dir='ltr'><em>propofinquet</em></span> <span class='ocrx_word' id='word_1_209' title='bbox 1689 4440 1900 4540; x_wconf 86' lang='lat' dir='ltr'><em>quantum</em></span> 
     </span>
     <span class='ocr_line' id='line_1_27' title="bbox 236 4543 1906 4683; baseline -0.011 -28"><span class='ocrx_word' id='word_1_210' title='bbox 236 4591 393 4683; x_wconf 80' lang='lat' dir='ltr'><em>nempe</em></span> <span class='ocrx_word' id='word_1_211' title='bbox 412 4587 453 4656; x_wconf 86' lang='lat' dir='ltr'><em>et</em></span> <span class='ocrx_word' id='word_1_212' title='bbox 476 4587 618 4658; x_wconf 85' lang='lat' dir='ltr'><em>rerum</em></span> <span class='ocrx_word' id='word_1_213' title='bbox 644 4579 835 4657; x_wconf 82' lang='lat' dir='ltr'><em>veterum</em></span> <span class='ocrx_word' id='word_1_214' title='bbox 864 4563 1109 4663; x_wconf 79' lang='lat' dir='ltr'><em>obscuritas,</em></span> <span class='ocrx_word' id='word_1_215' title='bbox 1133 4583 1175 4651; x_wconf 85' lang='lat' dir='ltr'><em>st</em></span> <span class='ocrx_word' id='word_1_216' title='bbox 1198 4566 1336 4654; x_wconf 83' lang='lat' dir='ltr'><em>nostra</em></span> <span class='ocrx_word' id='word_1_217' title='bbox 1367 4573 1412 4652; x_wconf 87' lang='lat' dir='ltr'><em>iu</em></span> <span class='ocrx_word' id='word_1_218' title='bbox 1437 4564 1548 4652; x_wconf 88' lang='lat' dir='ltr'><em>bisce</em></span> <span class='ocrx_word' id='word_1_219' title='bbox 1561 4562 1715 4654; x_wconf 76' lang='lat' dir='ltr'><em>studiis</em></span> <span class='ocrx_word' id='word_1_220' title='bbox 1742 4543 1906 4644; x_wconf 80' lang='lat' dir='ltr'><em>exerci·&#39;</em></span> 
     </span>
     <span class='ocr_line' id='line_1_28' title="bbox 238 4683 1897 4926; baseline -0.01 -132"><span class='ocrx_word' id='word_1_221' title='bbox 238 4703 340 4818; x_wconf 69' lang='lat' dir='ltr'><em>tutio</em></span> <span class='ocrx_word' id='word_1_222' title='bbox 364 4690 591 4790; x_wconf 77' lang='lat' dir='ltr'><em>mediocris</em></span> <span class='ocrx_word' id='word_1_223' title='bbox 613 4699 837 4818; x_wconf 78' lang='lat' dir='ltr'><em>permiscet.</em></span> <span class='ocrx_word' id='word_1_224' title='bbox 859 4699 909 4792; x_wconf 83' lang='lat' dir='ltr'><em>la</em></span> <span class='ocrx_word' id='word_1_225' title='bbox 933 4696 1093 4926; x_wconf 48' lang='lat' dir='ltr'><em>opali}</em></span> <span class='ocrx_word' id='word_1_226' title='bbox 1106 4694 1229 4790; x_wconf 87' lang='lat' dir='ltr'><em>huius</em></span> <span class='ocrx_word' id='word_1_227' title='bbox 1244 4687 1501 4838; x_wconf 66' lang='lat' dir='ltr'><em>ssonnspicio</em></span> <span class='ocrx_word' id='word_1_228' title='bbox 1519 4697 1644 4790; x_wconf 74' lang='lat' dir='ltr'><em>talem</em></span> <span class='ocrx_word' id='word_1_229' title='bbox 1667 4699 1790 4792; x_wconf 86' lang='lat' dir='ltr'><em>numi</em></span> <span class='ocrx_word' id='word_1_230' title='bbox 1815 4683 1897 4772; x_wconf 87' lang='lat' dir='ltr'><em>hu·</em></span> 
     </span>
     <span class='ocr_line' id='line_1_29' title="bbox 881 4846 1902 4978; baseline -0.021 -28"><span class='ocrx_word' id='word_1_231' title='bbox 881 4952 895 4978; x_wconf 65' lang='lat'>‚</span> <span class='ocrx_word' id='word_1_232' title='bbox 1120 4855 1144 4946; x_wconf 81' lang='lat' dir='ltr'><em>i</em></span> <span class='ocrx_word' id='word_1_233' title='bbox 1236 4939 1239 4946; x_wconf 78' lang='grc'>,</span> <span class='ocrx_word' id='word_1_234' title='bbox 1678 4922 1683 4931; x_wconf 77' lang='grc'><em>,</em></span> <span class='ocrx_word' id='word_1_235' title='bbox 1832 4846 1902 4930; x_wconf 64' lang='lat' dir='ltr'><em>ios</em></span> 
     </span>
    </p>
   </div>
   <div class='ocr_carea' id='block_1_4' title="bbox 0 0 2254 6056">
    <p class='ocr_par' dir='ltr' id='par_1_5' title="bbox 0 0 2254 6056">
     <span class='ocr_line' id='line_1_30' title="bbox 0 0 2254 6056; baseline 0 0"><span class='ocrx_word' id='word_1_236' title='bbox 0 0 2254 6056; x_wconf 95' lang='lat' dir='ltr'><em> </em></span> 
     </span>
    </p>
   </div>
  </div>
 </body>
</html>
