4500 6058
279 512 319 584 et
333 513 409 608 pro
426 491 495 580 deo
510 491 581 608 ff
593 483 812 594 adoratum,
840 489 1079 612 Graeci,fiea
1097 489 1257 578 adducti
1275 489 1469 591 vanitate,
1481 479 1734 603 fabulantur.
1787 481 1922 572 lncer·

266 631 453 745 -cum'est,
482 651 615 718 nerum
639 627 855 736 Menelaus,
881 631 1076 720 Laconum
1093 629 1283 746 princeps
1300 683 1314 733 ,
1332 625 1550 740 Aegyptum
1567 616 1919 735 anquasnadierit,

261 791 353 854 nec
373 792 435 853 ne.
457 769 626 857 Veteres
639 765 825 883 Aegyptii
838 762 1080 881 alienigenas
1095 761 1267 854 homines
1272 757 1515 881 summopere
1528 748 1827 870 atmffibantur.
1835 751 1918 844 Non·

258 897 335 982 ·mi
351 893 606 1000 hlenelaitici,
629 907 673 984 in
691 924 763 1014 qno
787 895 881 985 uris
905 895 1079 986 Canobus
1091 887 1186 1007 seca,
1210 894 1412 1012 appellatio
1431 919 1460 980 a
1477 884 1670 993 Menelao,
1694 881 1916 986 Ptolemaei,

259 1025 380 1141 'Lagi
384 1025 477 1138 filii,
485 1026 646 1142 fratre,
663 1025 808 1118 lracta.
841 1021 1108 1144 thlmilim
1130 1027 1320 1143 Aeolidis
1339 1023 1479 1114 relatio
1500 1023 1555 1112 'de
1571 1015 1916 1136 originenutt'inis

259 1153 458 1246 ·Canobici
472 1155 736 1248 adducituret
753 1159 994 1249 vindicatur.
1021 1159 1389 1263 Canabunoivocis,
1396 1150 1754 1272 fignificatxavtoit
1769 1140 1914 1256 blacos,

277 1307 451 1376 aureum
470 1289 615 1378 solum.
637 1291 789 1382 ‘Aurea
813 1290 1005 1382 vnabaut
1015 1293 1143 1414 pribi
1155 1293 1338 1397 homines,
1351 1315 1462 1410 qaae,
1487 1289 1533 1376 iss
1540 1282 1613 1401 suo
1621 1309 1783 1399 genere,
1789 1289 1915 1400 prae·

267 1411 512 1538 flantiffana.
539 1419 1145 1546 AgerCanobicusfistilffmus,
1155 1427 1311 1542 eiusque
1322 1409 1562 1512 habitatores
1573 1414 1833 1544 voluptatibus
1846 1417 1915 1508 de·

261 1547 471 1670 ditcffims's
499 1551 601 1640 unde
624 1552 899 1646 Canobismus
919 1558 966 1646 in
981 1555 1239 1676 proverbium
1258 1553 1367 1646 abiit.
1399 1553 1477 1642 Sub
1498 1548 1659 1654 canabi,
1684 1549 1760 1653 dei,
1781 1549 1915 1666 tigata

275 1679 357 1793 t'pfit
380 1684 523 1770 civitas
545 1688 779 1802 cognominis
802 1686 919 1778 culta.
950 1692 1077 1801 Prisci
1102 1689 1274 1777 homines
1304 1686 1430 1791 urbes,
1451 1686 1683 1802 imaginibus
1702 1678 1916 1797 [imbolicis

256 1814 529 1931 ··consecratas,
545 1817 697 1909 diutinis
713 1823 906 1942 moderati
916 1823 1013 1940 fient
1037 1821 1264 1919 honoribus,·
1280 1825 1389 1914 caius
1407 1823 1536 1910 moris.
1550 1820 1655 1908 ratio
1670 1837 1711 1906 et
1733 1813 1915 1934 exempla

263 1943 473 2062 complura
486 1948 721 2068 affluamus.
749 1956 1083 2064 lahlitrduinns,
1101 1952 1297 2062 dubitans,
1314 1981 1552 2072 enumquam
1565 1949 1755 2069 oppidum,
1769 1947 1914 2040 Cenabi

275 2080 428 2169 nomine
441 2081 682 2196 appellatam,
697 2087 742 2174 ln
757 2090 933 2206 Aegypta
951 2094 1115 2204 antiqua
1133 2086 1339 2199 exstiterit,
1365 2088 1573 2200 refellitur.
1599 2079 1818 2187 Canobus,
1833 2103 1913 2198 per

273 2213 404 2319 b,non
417 2217 715 2331 Canopus,per
732 2239 774 2334 p,
787 2217 1048 2336 scribendum.
1075 2216 1303 2308 Canalicum
1329 2244 1484 2319 numen,
1503 2214 1668 2323 hydriae
1676 2210 1832 2326 fhrma,
1847 2215 1912 2301 cui
2030 2325 2034 2330 .

272 2343 394 2438 virile
406 2337 615 2460 imposterum
630 2367 757 2461 caput,
773 2345 1121 2466 repraesentarunt
1135 2349 1330 2465 Aegyptii,
1354 2348 1535 2462 quoniam
1556 2340 1725 2431 eiusdem
1744 2341 1912 2428 nominis

257 2477 381 2582 urbs,
391 2473 459 2592 fieb
476 2472 586 2582 illins
599 2474 770 2589 imagine
783 2477 969 2584 Marma,
986 2479 1031 2567 it
1044 2475 1126 2596 ipsa
1140 2477 1226 2568 Nili
1250 2475 1451 2588 eullructa
1473 2493 1564 2564 erat
1583 2473 1687 2589 ripa
1712 2471 1818 2559 Situs
1839 2466 1913 2556 hu·

254 2624 334 2702 -cus
354 2605 497 2725 oppidi,
513 2603 569 2690 ad
582 2609 887 2722 veterumfidem
904 2630 945 2698 ec
958 2637 1012 2700 ess
1024 2610 1164 2699 Bened.
1181 2608 1231 2698 de
1245 2609 1399 2696 Maillec
1409 2605 1654 2709 coniecturis,
1666 2595 1913 2718 describetur.

254 2743 431 2853 Hydria
456 2739 636 2853 Aegyptii
657 2761 812 2830 veteres
837 2739 1119 2858 hieroglyphice
1142 2739 1278 2830 Nilum
1298 2729 1559 2854 defignarunt.
1587 2737 1705 2853 Aqua
1726 2729 1913 2841 Nilotica,

257 2899 382 2992 onae,
390 2871 465 2985 fica
480 2887 640 2970 natura,
653 2870 869 2963 turbidaet
883 2873 1017 2988 tepida
1032 2872 1099 2985 est,
1108 2870 1373 2991 peculiaribus
1386 2873 1512 2970 urnis,
1527 2865 1743 2970 hodientnt,
1764 2885 1806 2956 et
1820 2859 1911 2954 litt·

260 3003 366 3126 pida
383 2996 579 3100 redditur,
598 3014 639 3084 et
652 2995 935 3113 refrigeratur.
961 2997 1096 3088 Nilum
1110 3022 1250 3094 contra
1271 3004 1376 3117 ignis
1389 2997 1641 3116 vastationem
1662 2999 1818 3086 munire
1834 3017 1912 3114 pa,-

257 3131 524 3250 -triamstsam,
539 3124 726 3216 docebant
741 3129 926 3244 Aegyptii
936 3125 1174 3242 vetssstiores.
1200 3131 1296 3220 Inde
1313 3131 1532 3248 nataefisnt
1549 3125 1709 3244 fabulae
1720 3126 1771 3214 de
1781 3129 1911 3215 numi·

253 3261 531 3366 nisCanobici,
545 3263 589 3348 in
602 3257 820 3350 cohibendis
838 3260 1026 3366 incendis,
1039 3262 1239 3376 potentia,
1257 3282 1297 3350 et
1320 3257 1517 3376 triumpho
1547 3259 1597 3347 dc
1627 3254 1910 3346 Chaldaeorm

268 3409 358 3522 gne
373 3417 471 3486 acta.
498 3391 587 3480 Nili
608 3389 716 3504 ostia,
733 3389 1028 3507 chscopuloram
1048 3391 1299 3511 necantque
1299 3391 1590 3510 frequentiam,
1591 3381 1679 3504 fine
1703 3388 1909 3510 naupragii

254 3526 452 3654 periculo,
466 3551 589 3627 nemo,
610 3516 686 3630 nist
704 3525 772 3638 qni
787 3524 964 3638 peritum
986 3526 1145 3640 viarm
1167 3546 1306 3611 nocem
1330 3521 1384 3634 cst
1413 3521 1569 3625 ductet,
1594 3517 1752 3633 ingredi
1770 3520 1908 3636 potest.

269 3664 467 3792 Quoniam
483 3656 588 3748 cives
601 3653 780 3740 Canalici
794 3656 838 3740 in
853 3651 1055 3772 disciplina
1070 3654 1208 3744 nmali
1223 3676 1341 3744 erant
1354 3649 1607 3772 versatifflrni,
1613 3651 1821 3770 iisdemque
1828 3655 1909 3764 ¹ad.

267 3811 393 3890 menae
414 3783 745 3880 naviculatoribus
765 3781 1007 3886 utebantur:
1042 3785 1226 3894 Canobus,
1246 3789 1352 3894 deus,
1366 3787 1656 3904 gubernatoris
1673 3789 1824 3897 accepit
1844 3809 1908 3873 co·

256 3951 441 4048 dmm·
467 3918 580 4023 Alae,
594 3945 692 4035 bum
709 3943 852 4004 'mmm
867 3914 969 4021 illud
980 3916 1146 4034 fitbinde
1168 3921 1211 4008 in
1232 3921 1359 4035 capite
1370 3921 1495 4034 gerit,
1515 3917 1676 4004 nauium
1697 3897 1907 4038 Canthica}
2089 3933 2100 3950 ‘

268 4089 357 4149 rum
372 4053 550 4144 indicant
565 4041 791 4165 agilitatem·
817 4049 989 4136 Novium
1003 4047 1093 4138 stela
1108 4047 1198 4138 olim
1221 4048 1519 4168 defignabantur
1535 4039 1716 4134 vocabula
1737 4041 1904 4154 chenne,

266 4217 365 4314 quae
371 4185 547 4302 summae
559 4179 776 4273 velocitatis
792 4177 975 4295 symboh.
1013 4183 1122 4286 Hinc
1144 4179 1399 4295 concluditur,
1421 4179 1609 4298 numisma
1633 4177 1804 4294 ndlrum
1827 4209 1905 4294 non

260 4313 380 4422 alim,
394 4339 511 4430 quart
527 4306 737 4418 &nobitas
758 4310 936 4398 civitatis
949 4312 1045 4427 iuffis
1059 4305 1342 4434 effefignatetm.
1378 4295 1478 4403 Mos
1492 4333 1671 4399 veterum
1696 4310 1906 4424 Aegyptio·

267 4476 357 4540 rum
372 4447 417 4551 in
432 4444 562 4533 nattis
571 4441 656 4556 fisis
666 4441 976 4561 pattiatantttt
991 4448 1155 4540 nentina
1171 4445 1489 4568 repraesentandi
1501 4441 1757 4565 compluribus
1772 4471 1903 4534 exest·

264 4577 341 4702 plis
358 4580 560 4697 firmatur.

1183 4715 1302 4838 „tus
1555 4681 1570 4826 s
1680 4707 1903 4818 cuttu:
