4504 6060
925 494 1299 595 &horidi

285 652 579 772 ,dans'divers
607 655 791 750 endroits
819 653 871 743 de
896 683 943 746 ce
966 661 1068 776 petit
1090 654 1256 773 golphe,
1282 680 1341 743 on
1364 645 1557 772 pourroit'
1580 687 1751 755 trouver
1781 689 1932 756 encore

284 787 510 916 „quelques
535 795 676 895 restes,
695 793 894 909 quelques
923 791 1099 906 vestiges
1132 792 1338 880 d’anciens
1365 789 1542 904 edifices,
1562 821 1602 887 et
1617 797 1803 892 s'allurer
1825 797 1928 886 ainsi

285 928 364 1035 „de
378 929 415 1018 la
433 930 561 1015 verite
586 925 636 1036 de
655 945 758 1012 cette
783 927 995 1036 opinion„
1050 931 1191 1036 Quam
1211 923 1262 1012 de
1280 921 1482 1012 hodierno
1505 931 1810 1048 Canobipolitu
1829 953 1929 1016 con·

285 1065 485 1148 iecturam
502 1059 595 1148 licet
612 1065 700 1147 eius
716 1076 861 1146 auctor
878 1053 1113 1146 dubitanter
1125 1057 1402 1172 proposuerit:
1430 1055 1548 1150 facile
1565 1082 1704 1151 tamen
1723 1092 1748 1151 a
1765 1063 1927 1147 meim-

283 1211 416 1308 petro,
430 1211 488 1296 ut,
501 1218 591 1280 earn
611 1189 720 1280 haud
729 1187 1118 1304 prorsusinfeliciter
1135 1189 1213 1277 elle
1224 1211 1400 1306 captam,
1414 1194 1670 1299 existimem
1693 1194 1819 1310 idque
1832 1215 1931 1305 pro·

283 1353 437 1449 pterea,
460 1335 556 1447 quia
570 1351 663 1415 eam
690 1331 855 1441 egregie
871 1323 1113 1415 confirmari
1136 1325 1258 1416 video
1282 1355 1307 1414 a
1327 1331 1498 1441 tragico,
1519 1330 1658 1444 paullo
1681 1351 1776 1416 ante
1792 1321 1932 1414 lauda·

282 1488 343 1564 to,
361 1491 599 1566 succurro,
624 1460 727 1548 dum
748 1459 1061 1576 oppidumillud
1078 1459 1331 1548 exstructum
1354 1460 1588 1552 luillecanit
1613 1463 1685 1576 (o)
1713 1471 1799 1575 πρὸς
1829 1495 1934 1569 atqua*x

282 1608 440 1712 χώμανι.
493 1599 639 1684 Hocce
664 1601 777 1684 enirn
796 1591 1063 1698 vocabulum,
1094 1593 1208 1710 quod
1218 1593 1329 1709 apud
1352 1597 1541 1710 populos,
1570 1599 1730 1684 Graece
1751 1593 1925 1706 loquens

284 1758 357 1836 tes,
375 1731 586 1820 denotavit
604 1717 810 1844 aggerem,
837 1727 950 1815 hamo
977 1726 1143 1844 aggesta,
1163 1727 1353 1828 adiectam,
1370 1755 1460 1816 non
1494 1736 1632 1845 inepte
1648 1729 1870 1843 exponitur
1881 1715 1932 1806 de

282 1859 655 1957 semicirculariillo
683 1861 804 1963 vallo,
825 1861 939 1974 quod
968 1889 1278 1952 Mnxctnrvs
1307 1862 1423 1968 vidit,
1452 1885 1576 1980 atque
1597 1888 1686 1950 non
1710 1859 1844 1947 solum
1859 1880 1932 1942 na·

281 2026 357 2090 ves
380 2027 404 2086 a
429 2019 654 2084 ventorum
678 1993 820 2078 lurore
843 2013 952 2082 tutas
979 1994 1186 2108 praestitit,
1215 1996 1281 2084 led
1302 2003 1437 2104 etiam,
1464 2018 1512 2085 ut
1535 2021 1616 2112 ego
1642 1992 1812 2111 quidem
1841 1989 1931 2102 opi·

273 2137 375 2234 nor,
397 2133 516 2242 aquis
526 2123 718 2214 Niloticis
737 2145 777 2210 et
793 2126 1066 2232 continendis,
1084 2149 1137 2231 et,
1155 2155 1230 2242 per
1247 2153 1530 2217 memoratum
1546 2129 1744 2231 canalem,
1755 2125 1933 2218 Alexan·

282 2265 418 2353 driam
448 2253 700 2346 deducendis
720 2259 912 2345 inlerviit.
969 2257 1154 2345 Chomara
1177 2265 1291 2346 enim
1316 2267 1546 2376 Aegyptios
1561 2259 1727 2364 dixisse,
1756 2279 1930 2372 aggeres,

279 2423 354 2518 per
377 2423 470 2513 qaas
492 2396 736 2478 incrementa
759 2386 847 2478 Nili
868 2389 1153 2508 dispenstantar,
1179 2415 1220 2481 et
1239 2411 1478 2500 coercentur,
1503 2417 1543 2484 et
1566 2393 1840 2482 diminutiones
1866 2413 1931 2474 ae·

279 2562 354 2654 qua
374 2543 613 2626 coartentur,
641 2543 855 2612 auctorem
876 2519 1007 2613 habeo
1026 2551 1259 2614 vcerauvru
1294 2534 1368 2642 (p).
1398 2529 1534 2644 Atque
1562 2528 1789 2616 indicatum
1815 2521 1930 2608 hunc

280 2661 442 2757 Canobi
459 2659 582 2744 srtunr
608 2650 809 2768 siguificat
823 2651 979 2764 hydria,
997 2658 1106 2744 virili
1122 2656 1307 2748 contecta
1332 2665 1476 2775 capite,
1506 2665 1658 2775 quippe
1686 2681 1815 2774 quam
1840 2645 1928 2738 Nili

278 2795 398 2888 fuille
423 2786 672 2902 symbolum,
690 2811 866 2899 eamque
885 2789 1112 2878 sacerdotes
1136 2795 1377 2908 Aegyptios,
1396 2800 1438 2882 in
1466 2793 1633 2884 occulto
1659 2793 1731 2879 suo
1752 2783 1928 2876 scriben-

279 2927 322 3018 di
356 2946 519 3041 genere,
553 2913 750 3032 pinxilie,
783 2941 915 3030 quum
938 2917 1119 3005 fluvium
1143 2923 1260 3008 illum
1287 2925 1507 3012 voluissent
1529 2924 1768 3040 designare,
1805 2919 1927 3012 docet

278 3076 597 3152 HORAPOLLO
626 3048 721 3164 (q)2
750 3049 874 3126 Νὲνλνν
893 3047 1068 3138 tt'tat'fiaoa
1095 3057 1320 3154 σημαίνοντες,
1345 3047 1379 3134 dr
1404 3059 1563 3138 καλοῦσιν
1586 3055 1805 3156 ’marteri
1827 3051 1927 3134 reaia,

278 3187 470 3301 ἕρμηνενθὲν
491 3178 526 3265 di
547 3185 696 3283 annatim
710 3183 784 3264 νέονι
807 3181 895 3258 atari
913 3182 972 3279 pair
996 3185 1121 3262 λέοντα
1140 3184 1322 3289 γράφουσι,
1346 3188 1431 3265 atati
1453 3180 1487 3265 di
1513 3201 1604 3290 reric
1618 3182 1732 3292 tidpiatr
1745 3185 1926 3289 μεγάλως.

278 3313 364 3402 Nili
387 3303 676 3396 inundationem
695 3295 966 3418 fignfiaantes,
994 3331 1106 3417 qaam
1132 3305 1323 3423 Aegyptio
1345 3309 1498 3396 nomine
1529 3311 1645 3415 Nan,
1675 3307 1788 3424 quad,
1804 3301 1848 3420 fi
1863 3303 1925 3390 iri·

267 3438 523 3560 ·tarpretert's,
539 3457 702 3519 novum
718 3435 848 3538 sonat,
864 3435 1068 3547 appellarat,
1094 3438 1203 3524 moda
1228 3437 1373 3528 karam
1389 3443 1570 3556 pingant,
1596 3441 1705 3528 moda
1729 3461 1813 3526 tres
1840 3461 1925 3522 rta-

270 3603 375 3694 gnas
399 3567 572 3678 hydrias.
627 3568 831 3652 Necnon
855 3589 1078 3656 suerrus
1108 3576 1194 3676 (ηε
1221 3567 1288 3684 lfis
1312 3597 1390 3688 per
1404 3567 1510 3684 fistri
1539 3593 1701 3676 matam,
1725 3569 1829 3690 quod
1851 3595 1924 3682 ga·

275 3713 336 3800 rit
353 3710 397 3797 in
424 3702 582 3802 dextra,
611 3694 698 3786 Nili
723 3697 886 3812 acceffits
910 3703 1146 3818 recefflasqae
1167 3700 1374 3824 fignificat:
1395 3701 1660 3820 prestariam,
1689 3734 1806 3819 qaam
1827 3695 1922 3814 fini·

265 3841 360 3956 stra
378 3863 497 3925 mana
521 3834 680 3934 retinet,
713 3827 873 3940 ostendit
903 3827 1141 3946 affluentiam
1173 3839 1340 3926 emnium
1369 3835 1620 3938 lacertarum,
1646 3835 1775 3948 idest,
1799 3834 1924 3949 saffa-

277 4003 379 4078 ram,
405 3975 449 4060 in
477 3997 574 4085 quas
608 3963 721 4054 Nilus
742 3959 937 4075 stagnans
968 3967 1241 4084 recipiebatur.
1300 3975 1438 4054 Immo
1471 3965 1526 4052 ob
1550 3973 1730 4080 ingentia
1767 3958 1920 4066 benefi-

275 4115 351 4213 cia,
376 4131 481 4221 quae
492 4102 593 4190 Nilo
615 4123 783 4212 accepta
802 4097 1040 4188 relerebant
1057 4106 1264 4215 Aegyptii,
1287 4125 1426 4207 urnae,
1450 4097 1571 4190 fluvii
1586 4099 1699 4190 istius
1721 4099 1918 4211 symbola,

1135 4237 1173 4322 Ο
1209 4264 1227 4346 3
1808 4233 1915 4322 divi·

279 4455 1424 4490 ...numm—*manun-

259 4573 324 4656 'tol
343 4569 435 4639 Loco
459 4569 574 4636 citaro-
1112 4575 1154 4650 (r)
1174 4565 1224 4633 Ad
1236 4564 1363 4636 Aratrid.
1379 4563 1432 4636 lib.
1447 4567 1537 4638 Vlll.
1549 4591 1578 4638 v.
1595 4571 1673 4659 696.
1689 4567 1791 4638 Conf.
1814 4585 1913 4656 orsu.

257 4681 468 4771 ·(p)Ltg.1o.
491 4705 519 4744 ι.
534 4675 572 4746 dr
585 4671 866 4744 extraordinariis
878 4673 1079 4742 criminibus.
1160 4731 1163 4740 .
1189 4693 1335 4746 ovem
1370 4673 1608 4769 Har-parratas,
1634 4701 1704 4772 pag.
1726 4681 1778 4766 ⁴⁶·
1799 4675 1840 4764 sq.
1860 4671 1914 4742 ubi

251 4771 324 4882 ⁸(q)
338 4780 665 4946 lnuiit'eraglyphicir,
678 4781 732 4858 liu
751 4785 777 4856 l
797 4806 866 4877 cap«
880 4805 922 4856 21.
935 4805 1008 4875 pag.
1023 4785 1066 4876 36
1174 4785 1253 4853 duae
1272 4776 1373 4866 liidie,
1393 4787 1527 4874 qualisa
1551 4811 1694 4864 tenvia
1717 4784 1914 4864 describiutr,

338 4875 411 4946 eda.
433 4873 472 4945 ele
514 4893 599 4962 auu,
1183 4871 1288 4946 tiana
1306 4889 1487 4966 occurent,
