4500 6058
895 495 1012 603 aa)
1060 513 1106 596 tt
1153 495 1173 592 l
1216 493 1297 594 iii-

253 661 425 764 invenit,
444 621 629 777 quotum
657 657 892 773 catalogum
916 656 1078 748 'exhibet
1107 685 1214 746 ron.
1242 683 1355 748 aaa.
1388 678 1674 744 unuutctvs
1705 655 1776 770 (r).
1832 653 1920 750 De:
1977 672 2008 769 e

253 801 380 906 nique
394 793 693 911 contemplanti
717 789 821 881 mihi
845 795 983 910 paullo
1006 799 1199 883 attentius
1221 792 1426 882 Hadriani
1449 797 1691 906 imaginem,
1713 799 1758 880 in
1781 821 1916 882 numo

165 1009 167 1014 .
254 930 397 1021 nostro
423 931 640 1045 signatam,
666 927 844 1033 videtur,
869 929 935 1016 illa
957 917 1106 1018 eodem
1128 925 1244 1044 gestu
1264 924 1459 1042 exprella,
1490 954 1575 1042 quo
1598 929 1712 1016 hunc
1738 933 1917 1045 impera·

214 1175 221 1190 ἦ
256 1088 392 1156 torem
415 1066 602 1181 depingit
631 1089 891 1156 tvutAst
917 1071 986 1176 (s),
1015 1092 1149 1182 quum
1172 1058 1379 1154 adventui
1401 1090 1500 1150 eum
1529 1063 1632 1156 dicit
1656 1070 1701 1150 in
1726 1071 1917 1152 convivi·

253 1227 343 1303 um,
361 1208 412 1282 ier·
429 1201 487 1282 eir
506 1200 637 1305 ingavia
657 1200 794 1304 ἀφορῶν
816 1197 1003 1288 πολλάκις,
1024 1196 1185 1314 petatis
1202 1197 1339 1288 crebro
1355 1201 1400 1286 t‘n
1416 1196 1564 1286 caelum
1590 1197 1720 1287 aculis.
1776 1207 1841 1289 Ex
1865 1204 1915 1290 il·

191 1315 199 1330 ’
254 1335 391 1424 lustris
428 1363 609 1424 azeca.
645 1362 961 1426 stannatum
988 1336 1048 1449 (t)
1076 1335 1287 1437 sententia,
1312 1331 1378 1420 his
1407 1329 1585 1422 vocibus
1606 1338 1913 1426 contumeliolIs
2046 1403 2050 1428 .

254 1496 522 1560 tvrrnnvs
542 1489 761 1586 propterea
783 1475 1010 1586 exagitavit
1039 1467 1330 1568 Hadrianum,
1367 1466 1484 1582 quod
1524 1465 1766 1582 astrologiae
1797 1469 1922 1560 fuerit

255 1601 530 1694 deditifflmus
569 1625 693 1721 atque
733 1610 778 1692 in
814 1605 976 1692 summa
1009 1603 1285 1692 familiaritate
1313 1600 1503 1692 habuerit
1545 1601 1756 1708 doctores,
1788 1634 1917 1694 vanae
1996 1611 2014 1694 .’

255 1737 383 1828 huius
405 1743 504 1826 attis
530 1743 687 1853 peritia,
706 1738 776 1824 illo
800 1765 920 1844 aevo,
945 1737 1155 1860 florentes.
1212 1742 1482 1853 Qamquam
1504 1763 1619 1842 veto,
1642 1736 1694 1824 ad
1720 1738 1820 1827 illud
1836 1741 1919 1829 ltu·
2029 1799 2034 1808 =

256 1875 376 1964 dium
411 1871 630 1987 diligenter
664 1872 894 1986 incubuiffe
919 1874 1206 1976 Hadrianum,
1243 1875 1361 1963 facile
1394 1873 1572 1986 largior3
1613 1882 1767 1993 quippe
1802 1881 1916 1995 quod

256 2035 555 2100 rennuunt
585 2012 653 2120 (u)
691 2015 838 2108 nititur
855 2011 1113 2106 testimonio:
1143 2037 1246 2098 vero
1266 2033 1405 2100 tamen
1431 2011 1602 2098 similius
1621 2013 1723 2102 mihi
1743 2017 1919 2124 videtur,

256 2165 344 2232 tam
363 2145 600 2246 tritanum,
627 2170 756 2256 quam
788 2152 1070 2232 monetarium
1102 2145 1291 2232 nostrum
1321 2147 1453 2232 fistere
1484 2141 1597 2234 hunc
1623 2140 1920 2264 imperatorem

257 2278 391 2366 oculis
418 2277 579 2366 caelum
607 2277 751 2363 versus
769 2275 946 2382 sublatis,
971 2276 1205 2392 quodcum
1229 2278 1450 2366 servaverit
1505 2279 1649 2384 astum,
1669 2288 1918 2394 imitaturus,

257 2419 320 2500 uti
342 2418 388 2498 in
410 2410 552 2498 multis
580 2407 680 2509 aliis,
706 2410 760 2497 stc
776 2407 854 2499 hac
875 2418 1000 2498 etiam
1026 2416 1070 2497 in
1094 2438 1151 2513 re,
1182 2305 1545 2499 Alexandrumlt.
1576 2420 1660 2520 (x),
1685 2405 1811 2532 quem
1844 2423 1925 2514 fre·

257 2568 434 2669 quenter
447 2539 639 2632 sustulille
656 2545 877 2658 supercilia,
890 2546 970 2638 alio
987 2543 1081 2634 loco
1101 2547 1182 2659 (y),
1201 2543 1434 2634 docuimus.
1442 2546 1628 2663 Vterque
1638 2556 1831 2672 princeps
1846 2561 1927 2650 suis

258 2680 450 2772 moribus
475 2673 761 2783 confirmavit,
777 2681 893 2797 quod
917 2678 1312 2796 physiognomones,
1336 2708 1533 2788 anonae,
1556 2682 1729 2796 docent,
1764 2695 1924 2807 oculos,

259 2823 318 2905 ita
342 2813 541 2909 affectos,
567 2814 759 2918 animum
784 2811 968 2925 prodere
1012 2812 1236 2924 superbum
1278 2836 1402 2930 atque
1446 2841 1725 2932 arrogantem.
1795 2834 1922 2941 Nam,

260 2944 377 3064 quod
399 2943 452 3032 ad
468 2943 731 3032 Hadrianum
755 2944 944 3030 nostrum
962 2949 1118 3050 attinet,
1135 2974 1236 3033 eum
1257 2949 1363 3036 altos
1380 2951 1541 3039 traxille
1565 2954 1727 3067 spiritus
1757 2989 1798 3051 et
1818 2963 1923 3060 fastu

259 3079 381 3171 luiffe
401 3075 628 3182 tumidum,
655 3073 854 3183 referunt,
881 3082 953 3195 qui
977 3081 1066 3166 eius
1088 3107 1154 3167 res
1180 3077 1311 3192 gestas
1330 3080 1473 3172 litteris
1498 3087 1803 3204 consignarunt.
1857 3105 1925 3190 Sic
1988 3193 2003 3202 ,

258 3215 344 3319 ἀνὴρ
367 3207 532 3317 arderia,
558 3211 629 3300 vir
649 3207 1092 3328 fastofits,1vt.1nroo
1119 3219 1194 3322 (z),
1221 3239 1826 3316 saxr.avttu1..vtcronu
1856 3232 1924 3347 (a)

260 3373 405 3442 autem
434 3345 490 3434 ad
511 3343 798 3454 ostentationem
813 3345 879 3462 firi
913 3347 1075 3466 infinirat
1096 3341 1344 3463 appellatur:
1388 3350 1528 3438 Tanta
1558 3378 1646 3468 erat
1678 3377 1928 3479 arrogantia,

260 3507 389 3602 atque
411 3486 456 3566 in
473 3478 696 3592 disciplinis
710 3484 869 3566 cunctis
888 3481 925 3567 se
938 3481 1042 3568 adeo
1060 3484 1265 3569 versatum
1291 3480 1471 3598 putabat,
1499 3507 1543 3573 at
1558 3489 1790 3610 profefflres
1804 3511 1928 3594 omni·
2032 3521 2033 3526 '

190 3613 200 3624 '
264 3645 337 3719 sera
364 3614 513 3706 artium
542 3611 718 3729 semper,
748 3629 792 3700 at
818 3612 990 3722 doctior,
1026 3615 1202 3718 rideret,
1236 3639 1529 3727 contemneret,
1560 3621 1782 3738 oberrarem
1813 3639 1928 3733 stanti

1125 3752 1215 3844 ΚΖ
1284 3753 1286 3760 ’
1815 3776 1929 3900 idem
1998 3820 2001 3830 ·

266 4222 312 4324 (t)
333 4225 549 4302 Bibliothecae
571 4231 714 4304 Graecae
729 4229 785 4306 tib.
804 4229 863 4300 Vl.
877 4253 946 4325 rap.
962 4255 993 4322 9.
1003 4233 1080 4306 Vol.
1191 4245 1286 4320 etqua
1308 4231 1515 4304 Hadrianum
1529 4235 1670 4310 'inssituit
1701 4266 1846 4319 curvo.
1872 4277 1932 4324 nt-

332 4341 421 4414 Xlll.
438 4360 514 4428 pag.
528 4357 577 4424 34.
1195 4363 1339 4414 carave
1360 4347 1400 4414 in
1415 4345 1537 4436 differt.
1552 4347 1591 4418 de
1608 4375 1701 4423 aaran
1714 4360 1931 4436 Perrhaebia·

270 4462 311 4536 (ο)
332 4454 371 4521 ln
387 4447 589 4540 Caefieribeta
603 4471 674 4540 pag.
692 4451 723 4520 6.
740 4452 813 4522 edit.
828 4453 1017 4544 Heolinger.
1192 4456 1309 4524 drlani
1321 4457 1400 4536 lma.
1421 4456 1512 4544 supra
1533 4459 1665 4532 laudata.

270 4572 311 4645 (t)
332 4560 371 4630 ln
387 4563 481 4630 Notis
494 4559 540 4628 ad
552 4561 1089 4658 verstraemtvnnntcaesirraae
1132 4565 1185 4656 (y)
1207 4570 1378 4636 Commeat.
1398 4565 1438 4637 de
1450 4589 1544 4640 name
1556 4571 1742 4650 Alexandri
1754 4583 1933 4678 dicepti

254 4715 257 4722 ·
336 4669 506 4750 Gallicam,
519 4691 590 4760 pag.
609 4693 652 4759 7¹·
669 4673 743 4742 edit.
759 4673 871 4746 notiff.
1189 4700 1260 4768 pag.
1277 4695 1316 4764 ις.
1337 4667 1404 4767 sqq}
1722 4700 1726 4709 ·

270 4791 317 4864 (ιι)
340 4775 519 4870 oavat
531 4801 604 4872 pag.
620 4795 682 4873 158.
703 4783 749 4874 sq.
966 4827 971 4838 ·
1069 4844 1073 4855 .
1129 4795 1174 4865 (z)
1197 4786 1286 4854 Loco
1301 4787 1408 4857 citato.

147 4885 152 4896 “
271 4895 322 4982 (κ)
343 4891 637 4983 Comparationem
662 4897 748 4970 inter
779 4895 1000 4970 Alexandrum
1027 4895 1078 4970 M.
1125 4907 1171 4978 (a)
1193 4899 1347 5002 Epitomeg
1363 4899 1560 4978 idoneitate.
1685 4873 1708 4918 ⁹
