4500 6058
862 403 868 412 ⁵
930 423 979 528 ff
1026 363 1061 524 )ἶ
1099 455 1151 514 n·
1180 431 1223 532 (J
1249 425 1315 530 u·

133 655 172 712 3
277 577 543 708 ‘meii'ss'rmae'
567 589 821 708 antiquitatis
851 588 1179 706 spectatoribust
1212 593 1395 712 fiperru
1431 595 1702 702 nummata,
1723 620 1776 682 ex
1807 594 1945 688 viliori

289 715 452 852 plumbi
466 725 635 815 metallo
659 725 853 833 conflata,
880 733 1089 847 quotquot
1104 737 1263 818 'eorum
1292 736 1475 847 genuina
1496 733 1601 838 sunt,
1627 729 1831 848 lapidibus
1852 749 1944 848 pre·

290 868 415 970 dotis,
434 867 628 950 omnium
640 866 805 972 iudicio,
813 862 1101 996 existimanpc
1125 864 1389 981 pretiossora3
1410 867 1441 956 ii
1464 886 1672 984 praeterea
1694 867 1804 974 ulus,
1815 893 1944 983 quem

290 1027 448 1098 numus
462 999 610 1118 aliquis
625 999 948 1089 extraordinem
961 1001 1353 1118 commerciumque
1372 999 1529 1103 habuit,
1556 1001 1742 1090 eiusdem
1763 1009 1945 1120 pretium

288 1139 450 1256 ingenti
473 1129 650 1254 adauget
676 1134 880 1237 cumulo;
915 1133 946 1223 il
970 1133 1157 1252 denique.
1175 1134 1303 1251 lunge
1325 1133 1540 1228 rariilimis
1562 1134 1859 1253 carifflmisque
1880 1139 1945 1226 ille

289 1294 476 1366 meretur
487 1273 698 1386 anteponi,
721 1273 767 1355 in
784 1293 873 1379 quo·
886 1268 1096 1372 universa,
1132 1266 1333 1370 hacteuus
1364 1273 1583 1390 recensita,
1609 1272 1796 1370 summae
1818 1273 1945 1360 infre·-

289 1411 484 1534 quentiae
516 1407 678 1494 criteria
707 1397 1104 1516 deprehenduntur:
1139 1431 1297 1494 numus
1325 1407 1517 1522 profecto
1541 1403 1681 1497 noster
1713 1405 1812 1515 illis,
1854 1415 1944 1496 iu'rc
2026 1395 2031 1412 ’

289 1549 468 1666 optimo,
498 1537 746 1642 accensetur,
763 1541 1045 1655 qui‚.propter
1060 1539 1269 1628 summam
1296 1543 1520 1645 raritatem,
1548 1543 1594 1628 in
1613 1545 1966 1661 antiquariorum*

289 1680 456 1786 scholis,
474 1677 582 1766 unici
607 1679 679 1784 (s)
710 1673 840 1760 solent
857 1673 1065 1788 appellari.
1118 1678 1236 1762 Nam
1259 1695 1302 1762 et
1318 1679 1393 1790 ipii
1422 1673 1600 1764 {imilem
1622 1672 1697 1768 vix'
1720 1705 1769 1766 ac
1798 1705 1850 1767 ne
1873 1684 1947 1766 vix

288 1817 460 1938 quidem
481 1812 683 1912 invenies,
712 1825 753 1893 et
770 1805 991 1922 plumbeus
1006 1806 1077 1914 cst,
1103 1828 1145 1894 et
1162 1806 1417 1898 indubitatae
1437 1807 1759 1925 deprehenditur
1774 1817 1950 1932 antiqui·

244 1937 247 1944 Δ
289 1957 407 2072 tatis,
432 1968 475 2035 et
490 1944 613 2033 usum
645 1937 789 2029 habuit
812 1939 982 2056 prorsus
1002 1939 1267 2058 peculiarem.
1323 1947 1443 2054 Qae
1469 1951 1656 2038 maxima
1672 1954 1794 2038 numi
1818 1949 1948 2038 nostri

290 2091 440 2180 caritas
461 2101 509 2170 ut
526 2103 580 2166 eo
604 2077 743 2190 magis
773 2072 966 2188 patescat,
1001 2072 1160 2188 singula
1186 2071 1299 2164 hacc
1308 2095 1526 2164 momenta
1553 2081 1694 2193 paullo
1718 2074 1950 2174 accuratius

289 2221 450 2317 iuvabit
464 2213 680 2332 explicare.
734 2209 944 2314 Diximus,
964 2207 1176 2314 nostrum,
1200 2215 1280 2326 qui
1303 2211 1541 2300 aestimetur
1563 2223 1750 2338 mardmi,
1765 2217 1950 2334 digniffi-

290 2387 415 2454 mum
423 2351 516 2458 elle,
543 2369 585 2438 et
600 2351 740 2467 primd
755 2342 926 2461 quidem
943 2362 1175 2460 propterea,
1200 2348 1404 2460 quoniam
1421 2349 1466 2432 in
1479 2346 1640 2454 multis,
1654 2356 1787 2468 iisque
1801 2358 1949 2470 ingen·
2102 2406 2106 2430 .

290 2492 593 2612 delegantium
621 2507 855 2573 numerum
868 2487 988 2598 copia
1007 2476 1336 2584 instructiffimis,
1355 2480 1645 2576 cimeliarchiis
1663 2482 1812 2580 frustra
1825 2519 1950 2610 quae.

290 2645 410 2732 titur.
462 2622 570 2720 Mihi
584 2637 712 2719 certe,
740 2619 862 2705 omni
880 2641 981 2704 cura
1004 2614 1250 2733 summaque
1271 2612 1480 2730 diligmtia
1505 2618 1731 2710 recensenti
1753 2633 1953 2749 quicquid

292 2772 399 2886 apris
421 2756 574 2850 vetusti
588 2752 681 2840 tulit
694 2769 882 2852 aetatem,
896 2769 1033 2865 ¹atque,
1056 2769 1228 2852 eterrac
1249 2747 1477 2854 visceribus
1494 2763 1680 2861 erutum,
1699 2755 1779 2846 'viri
1803 2764 1953 2854 eruditi

291 2925 408 2995 nunc
424 2894 596 2984 strictim
613 2885 917 3010 descripserunt,
943 2881 1059 2996 quod
1072 2889 1119 2970 in
1130 2883 1328 2996 catalogis
1344 2878 1432 2970 freti
1451 2883 1593 2975 adsolet
1607 2894 1823 2998 numeris,
1839 2925 1954 2990 nunc

291 3061 399 3130 vero
415 3029 510 3119 data
527 3046 666 3143 opera,
682 3036 726 3105 et.
741 3015 964 3120 doctrinae,
982 3038 1073 3131 quo
1087 3020 1264 3131 quisque
1286 3035 1373 3102 erat
1392 3019 1629 3129 instructus,
1653 3051 1866 3144 apparatu,
1885 3061 1957 3150 pe·

292 3154 599 3285 culiaribus'que
615 3147 919 3254 voluminibus,
943 3149 1211 3264 explicarunt,
1220 3147 1311 3264 post
1327 3151 1512 3248 multum
1529 3154 1705 3248 demum
1721 3160 1956 3255 labotisex.
2095 3155 2099 3166 ’

293 3275 518 3402 ancletum,
541 3307 676 3379 unum
696 3281 943 3398 niesttgare
964 3281 1079 3370 licuit
1094 3279 1338 3384 alterumve,
1354 3289 1426 3399 qui
1441 3287 1631 3392 eandem,
1648 3317 1778 3408 quam
1801 3299 1957 3403 noster,

294 3434 475 3571 praefert
485 3423 740 3546 epigraphen
756 3420 1266 3534 eandemqueimaginem.
1297 3419 1344 3504 ln
1358 3415 1608 3512 illistantum
1623 3429 1959 3548 numophylaciis
2114 3533 2117 3540 ,

295 3579 438 3674 nostro
452 3565 603 3656 similes
616 3557 809 3684 ail'ervari
824 3554 967 3659 didici,
985 3560 1103 3669 qua'e,
1119 3549 1481 3682 quemadmodum
1496 3563 1664 3670 peritos,
1676 3559 1845 3657 iormna
1859 3597 1957 3685 pro.

325 3717 395 3804 itia
415 3719 578 3794 utentes
598 3701 731 3793 viros,
758 3695 1046 3808 principesque
1070 3691 1281 3804 maximos
1298 3683 1539 3778 conditores
1566 3694 1663 3785 suos
1677 3723 1957 3815 venerantum
1989 3729 1993 3736 ·

278 3743 456 3945 &non
473 3838 626 3955 quevis
647 3827 815 3918 metallo
832 3828 962 3950 veteri
979 3824 1072 3912 sunt
1088 3819 1248 3924 onusta,
1267 3815 1334 3906 sed
1350 3825 1494 3908 numis
1507 3825 1722 3920 ran‘ffimis
1735 3832 1958 3945 splendent.

295 3994 344 4077 in
358 3974 502 4070 multis
518 3967 595 4058 illis
611 3957 1125 4079 numismatographorum
1143 3955 1421 4070 libellisquos
1444 3961 1597 4072 partim
1622 3966 1773 4080 ipsein
1799 3970 1958 4072 scriniis

297 4121 404 4209 meis
420 4112 553 4216 servo,
580 4107 741 4218 panim
764 4097 816 4187 ab
839 4101 929 4186 aliis
955 4115 1127 4184 mutuos
1150 4093 1310 4205 accepi,
1344 4107 1469 4207 atque
1498 4119 1630 4208 menn
1653 4106 1846 4218 pervolvi
1870 4105 1958 4194 dili.

146 4258 150 4266 ’
298 4220 560 4372 gentilhma,
590 4263 680 4324 non
712 4233 788 4322 nisi
811 4237 889 4321 tria
913 4207 1035 4318 ffirmi
1064 4225 1193 4316 nostri
1218 4229 1399 4340 reperire
1426 4234 1546 4336 potui
1570 4251 1735 4351 ectypa3
1772 4263 1958 4354 quorum

298 4407 442 4475 tamen
462 4397 620 4474 unum,
647 4372 850 4488 quoniam
879 4366 1102 4480 temporis,
1129 4361 1274 4448 omnia
1297 4369 1624 4478 corrumpentis,
1651 4370 1802 4456 iniuria
1822 4375 1879 4472 ita
1898 4375 1973 4494 cit.

299 4517 493 4620 ffiesum,
519 4527 567 4598 ut
591 4531 688 4623 pars
712 4508 801 4592 eius
824 4503 1058 4632 praecipue,
1084 4495 1239 4616 postica
1261 4519 1428 4611 nempe,
1449 4497 1761 4618 propemodum
1784 4501 1962 4623 perierit,

313 4667 320 4680 .
430 4682 434 4693 Ι
466 4665 468 4672 ι
556 4685 558 4692 Ι
668 4679 673 4698 ,Ι
865 4683 869 4692 ,
1173 4639 1208 4726 Β
1236 4667 1257 4724 2
1877 4655 1887 4672 ο

296 4853 349 4943 (ς)
363 4841 468 4922 conf,
481 4843 660 4936 Lasciance
678 4834 734 4904 des
746 4831 910 4906 medaillrs
924 4835 1074 4920 antiques
1088 4844 1137 4898 tt·
1229 4826 1468 4920 modemespaer
1490 4849 1607 4901 uovrt
1635 4853 1800 4917 tornac,
1822 4841 1969 4927 p'rgnpp.

672 4953 674 4958 ’
1611 4960 1639 5019 Ι
