4500 6058
261 671 463 764 cadavera
486 669 779 774 observarunt3
797 672 869 790 qui
886 672 1063 796 proinde
1085 673 1343 767 documento
1361 663 1439 764 effe
1457 671 1643 792 poliunt,
1663 667 1773 766 hanc
1800 669 1925 784 lituo-2
1975 733 1978 742 ·

213 811 217 822 '
267 806 387 898 brem
409 809 706 900 caerimoniam
728 832 781 895 ex
805 803 922 900 fonte
938 805 1100 898 duxisse
1119 807 1245 924 longe
1261 808 1364 915 alio,
1387 833 1516 925 quarn
1550 807 1922 924 superstitiosorum
2061 875 2065 882 ‚

260 939 560 1055 theologorum
592 963 687 1053 pars
724 943 911 1029 maxima
947 936 1147 1056 perhibet.
1210 942 1361 1057 Neque
1399 945 1521 1028 ctiam
1552 944 1744 1058 propius,
1782 943 1921 1029 nostm

262 1075 472 1177 sententia,
491 1071 547 1178 ad
571 1076 789 1160 veritatem
807 1065 1011 1164 accedunt
1036 1098 1241 1164 aurore.
1270 1098 1619 1162 annursnrvs
1642 1075 1710 1185 (k)
1739 1101 1920 1172 rnvr1.

259 1231 434 1300 avons
465 1207 538 1322 (l)
565 1207 727 1324 aliique,
756 1213 830 1324 qui
852 1205 966 1297 hunc
993 1232 1161 1298 morem
1191 1233 1243 1295 ex
1279 1213 1474 1322 Aegypto
1505 1208 1714 1313 derivant,
1741 1209 1920 1328 adstipu·
1976 1249 1981 1260 ·

244 1325 391 1430 ‘lantes
419 1365 687 1449 morrono,
708 1341 846 1432 Siculo
883 1343 983 1455 (nr),
1011 1345 1102 1457 qui,
1118 1362 1302 1448 nautam,
1317 1366 1391 1456 per
1406 1337 1554 1428 Nilum
1579 1364 1621 1428 et
1639 1338 1920 1448 Acherusiam,
2016 1412 2018 1416 .

132 1527 136 1534 ·
258 1471 343 1564 five
367 1469 568 1566 Moeridis
600 1473 760 1579 lacum,
787 1474 840 1565 ad
872 1497 1037 1590 cryptas
1066 1473 1378 1600 deportantem,
1411 1469 1636 1562 Char-ontis
1661 1471 1819 1590 gcsfisse
1841 1505 1919 1566 no·

241 1635 371 1713 rnen,
399 1633 535 1726 atque,
564 1615 607 1696 in
623 1605 776 1698 laboris
797 1612 1046 1725 praemium,
1072 1607 1266 1726 accepisse
1282 1605 1470 1714 obolum,
1497 1609 1712 1698 contendit
1720 1643 1733 1718 ς
1767 1617 1918 1722 immo,

255 1749 402 1830 omnia
434 1745 695 1832 Graecorum
712 1741 763 1832 de
790 1741 936 1832 inferis
961 1764 1202 1857 commenta
1222 1742 1332 1858 apud
1350 1744 1580 1858 Acgvptiot
1602 1767 1809 1860 prognata
1825 1750 1917 1858 else,

255 1873 459 1964 adfirmat
517 1872 816 1966 Lubentilfimc
836 1897 978 1965 tamen
1004 1876 1158 1966 horum
1177 1882 1366 1994 opinioni
1406 1876 1612 1966 calculum
1647 1877 1921 1978 adliceremus

255 2005 421 2098 album:
457 2013 674 2100 licet-tum
697 2007 798 2100 elset
824 2033 947 2126 atque
975 2017 1181 2121 evictum,
1217 2012 1458 2127 Aegyptum
1486 2008 1778 2126 scaturiginem
1801 2012 1918 2110 fuisse
1988 2119 1994 2128 ,

255 2143 384 2226 totius
405 2139 721 2256 superstitionis,
748 2159 872 2254 atque
889 2138 1038 2234 isthinc
1061 2144 1114 2231 ad
1136 2144 1234 2234 alias
1257 2140 1463 2229 emanasse
1488 2161 1634 2254 gentes
1642 2132 1656 2243 ς’
1688 2167 1768 2230 nec
1791 2173 1917 2262 argu·

254 2295 398 2358 menta
419 2273 463 2356 in
486 2288 658 2385 promtu
679 2263 950 2396 haberemus,
967 2269 1019 2388 ad
1036 2270 1301 2386 probandum
1323 2271 1418 2358 satis
1441 2288 1536 2382 apta
1564 2287 1689 2384 atque
1710 2274 1795 2358 iam
1819 2273 1916 2366 alibi

246 2429 280 2494 *a
294 2402 419 2494 nobis
439 2415 507 2512 (n)
532 2403 704 2492 strictim
716 2403 924 2508 recensata,
945 2407 1049 2492 olim
1069 2432 1185 2521 vcro,
1202 2407 1233 2493 sr
1251 2433 1326 2522 per
1340 2401 1421 2493 lata
1436 2399 1584 2506 licebit,
1604 2401 1774 2492 uberius
1789 2409 1917 2522 expli·

234 2541 397 2648 canda,
415 2539 569 2658 quibus
582 2537 1172 2644 ueroredditursrmillimum,
1199 2559 1332 2628 vanae
1349 2535 1566 2652 religionis
1580 2557 1825 2658 apparatum
1835 2537 1917 2632 fer·

252 2703 324 2766 me
336 2701 526 2782 omnem,
538 2672 821 2790 dogmataque
840 2671 1162 2792 superstitiosas
1177 2698 1266 2762 nou
1281 2671 1485 2784 universa,
1493 2691 1535 2760 at
1546 2671 1685 2760 saltem
1707 2673 1917 2792 pleraque,

233 2807 543 2912 occidentales,
564 2811 672 2894 etin
692 2803 757 2894 lu‘s
782 2803 958 2894 fortall‘rs
978 2809 1177 2910 Graecos,
1205 2803 1417 2910 invenilse,
1434 2827 1556 2924 atquc
1580 2795 1774 2923 deinceps
1797 2837 1917 2900 com.

252 2937 481 3040 municalse
499 2965 597 3027 curn
612 2937 790 3054 populis,
819 2938 946 3042 solem
968 2938 1240 3054 spectantibus
1258 2947 1475 3029 orientem.
1533 2941 1752 3031 Feliciores
1768 2971 1915 3044 contra

232 3077 582 3168 'incaerimoniac
591 3067 716 3158 huius
731 3075 895 3187 origine
909 3069 1143 3189 indaganda
1155 3098 1226 3160 eos
1241 3070 1346 3176 fore,
1366 3074 1588 3187 speramus,
1600 3081 1673 3192 qui
1684 3077 1916 3190 priscorum

249 3207 476 3304 hominum
505 3203 557 3292 de
580 3207 745 3294 animae
769 3202 990 3310 humanae,
1016 3204 1108 3318 post
1135 3202 1311 3310 obitum,
1338 3204 1444 3292 statu
1478 3205 1714 3296 docuinam
1745 3214 1790 3296 in
1823 3213 1916 3302 suh·

250 3341 399 3434 fidium
415 3333 641 3429 vocabunt.
669 3337 903 3426 Hominem
919 3362 1010 3425 non
1036 3336 1204 3456 prorsus
1220 3357 1356 3426 morte
1378 3335 1595 3452 exstingui,
1620 3335 1701 3442 sed,
1719 3349 1916 3456 quamvis

250 3499 407 3592 corpus
438 3477 636 3574 intereat,
674 3475 863 3565 animam
895 3492 1037 3559 tamen
1062 3489 1242 3558 ¹manere
1284 3467 1571 3586 superstitem,
1595 3473 1651 3555 ita
1694 3473 1916 3565 credebant

89 3653 99 3676 ¹
250 3629 432 3711 veteres,
456 3623 503 3694 ut
528 3597 763 3719 persuasum
788 3603 908 3693 fimul
934 3601 1144 3707 haberent,
1167 3601 1274 3690 huic
1304 3601 1452 3690 iisdem
1472 3601 1588 3714 ,apud
1615 3599 1772 3694 inferos
1807 3635 1916 3725 opus
1955 3701 1959 3714 ,

249 3743 331 3836 elle
359 3737 496 3846 rebus,
532 3732 685 3854 quibus
726 3761 882 3853 corpus
920 3736 1041 3826 alitur
1064 3738 1235 3852 vitaque
1273 3729 1500 3824 commode
1538 3740 1791 3850 transigitur.
1838 3749 1917 3836 ‘Ne

248 3883 390 3998 itaque
412 3873 610 3977 defuncti,
627 3875 672 3960 in
697 3873 900 3962 Tartarea
917 3865 1089 3988 regione
1112 3868 1341 3976 tenebricae,
1365 3868 1566 3960 omnibus
1588 3871 1713 3961 rebus
1749 3873 1940 3968 destitu-¹

249 4023 304 4125 ti,
338 4009 593 4114 oberrarent,
628 4005 760 4096 vestes
784 4005 1019 4124 pretiosae,
1050 4023 1321 4109 ornamenta,
1346 4029 1463 4094 arma
1507 4025 1548 4092 ct
1583 4003 1707 4094 huius
1748 4018 1916 4124 generis
1990 4127 1991 4135 Ν

1110 4136 1157 4230 H
1479 4229 1493 4256 ‚
1794 4161 1953 4229 uten-x

517 4367 519 4371 ψ
835 4419 838 4428 ,
1410 4347 1436 4402 ι
1745 4428 1911 4453 ...-

245 4561 702 4724 (kltncooitttomruoda
1161 4619 1465 4696 editlthodonnni.
1566 4657 1572 4678 ι
1832 4713 1846 4732 .

246 4741 294 4822 sst
311 4738 490 4812 irruerant
501 4733 674 4819 mentulis
686 4727 742 4806 lib.
754 4727 878 4828 Ἄρει.
894 4753 931 4807 ιι.
944 4729 1012 4824 sqq.
1098 4739 1149 4822 (o)
1165 4729 1204 4836 lu
1217 4730 1448 4823 Differentiam
1462 4723 1788 4825 quateremur
1794 4735 1906 4822 magi.

139 4859 141 4864 '
227 4837 794 4984 'turilllblt'otbtcat'bfflorstttllb-
807 4841 832 4920 l.
846 4865 921 4938 pag.
944 4845 1001 5004 8⁶)
1012 4839 1094 4954 Γς.Ι
1158 4839 1382 4990 1νι,ιιιι.6ς.
1478 4853 1481 4860 ·
