<?xml version="1.0" encoding="UTF-8"?>
<!DOCTYPE html PUBLIC "-//W3C//DTD XHTML 1.0 Transitional//EN"
    "http://www.w3.org/TR/xhtml1/DTD/xhtml1-transitional.dtd">
<html xmlns="http://www.w3.org/1999/xhtml" xml:lang="en" lang="en">
 <head>
  <title>
</title>
<meta http-equiv="Content-Type" content="text/html;charset=utf-8" />
  <meta name='ocr-system' content='tesseract 3.04.00' />
  <meta name='ocr-capabilities' content='ocr_page ocr_carea ocr_par ocr_line ocrx_word'/>
</head>
<body>
  <div class='ocr_page' id='page_1' title='image "./commentatiodenu00schlgoog_0048.png"; bbox 0 0 4500 6058; ppageno 0'>
   <div class='ocr_carea' id='block_1_1' title="bbox 129 483 2015 2252">
    <p class='ocr_par' dir='ltr' id='par_1_1' title="bbox 129 483 2015 2252">
     <span class='ocr_line' id='line_1_1' title="bbox 752 483 1264 598; baseline 0.006 -3"><span class='ocrx_word' id='word_1_1' title='bbox 752 559 754 564; x_wconf 77' lang='lat'><em>.</em></span> <span class='ocrx_word' id='word_1_2' title='bbox 886 483 936 594; x_wconf 56' lang='lat' dir='ltr'>d</span> <span class='ocrx_word' id='word_1_3' title='bbox 983 493 1007 590; x_wconf 82' lang='lat'>&gt;</span> <span class='ocrx_word' id='word_1_4' title='bbox 1056 489 1097 594; x_wconf 76' lang='lat' dir='ltr'>ii</span> <span class='ocrx_word' id='word_1_5' title='bbox 1145 493 1167 590; x_wconf 89' lang='lat'>&lt;</span> <span class='ocrx_word' id='word_1_6' title='bbox 1215 489 1264 598; x_wconf 56' lang='lat' dir='ltr'>ss</span> 
     </span>
     <span class='ocr_line' id='line_1_2' title="bbox 248 649 1905 774; baseline 0.002 -34"><span class='ocrx_word' id='word_1_7' title='bbox 248 649 495 770; x_wconf 86' lang='lat' dir='ltr'>praecipuo,</span> <span class='ocrx_word' id='word_1_8' title='bbox 527 649 855 760; x_wconf 64' lang='lat' dir='ltr'>videm-cetera,</span> <span class='ocrx_word' id='word_1_9' title='bbox 879 653 1053 773; x_wconf 88' lang='lat' dir='ltr'>quibus,</span> <span class='ocrx_word' id='word_1_10' title='bbox 1077 651 1319 746; x_wconf 89' lang='lat' dir='ltr'>sententiam</span> <span class='ocrx_word' id='word_1_11' title='bbox 1344 657 1460 748; x_wconf 86' lang='lat' dir='ltr'>suam</span> <span class='ocrx_word' id='word_1_12' title='bbox 1491 651 1684 762; x_wconf 81' lang='lat' dir='ltr'>sirmate,</span> <span class='ocrx_word' id='word_1_13' title='bbox 1702 653 1905 774; x_wconf 59' lang='lat' dir='ltr'>stupent,</span> 
     </span>
     <span class='ocr_line' id='line_1_3' title="bbox 129 783 1906 910; baseline 0.002 -34"><span class='ocrx_word' id='word_1_14' title='bbox 129 871 130 876; x_wconf 9' lang='lat' dir='ltr'>a</span> <span class='ocrx_word' id='word_1_15' title='bbox 249 807 497 903; x_wconf 83' lang='lat' dir='ltr'>argumenta</span> <span class='ocrx_word' id='word_1_16' title='bbox 520 783 631 876; x_wconf 90' lang='lat' dir='ltr'>baud</span> <span class='ocrx_word' id='word_1_17' title='bbox 650 787 846 906; x_wconf 83' lang='lat' dir='ltr'>exquisita</span> <span class='ocrx_word' id='word_1_18' title='bbox 873 789 972 898; x_wconf 82' lang='lat' dir='ltr'>else,</span> <span class='ocrx_word' id='word_1_19' title='bbox 999 811 1041 879; x_wconf 90' lang='lat' dir='ltr'>et</span> <span class='ocrx_word' id='word_1_20' title='bbox 1063 787 1115 877; x_wconf 93' lang='lat' dir='ltr'>ad</span> <span class='ocrx_word' id='word_1_21' title='bbox 1130 787 1395 906; x_wconf 90' lang='lat' dir='ltr'>probandum</span> <span class='ocrx_word' id='word_1_22' title='bbox 1426 793 1596 910; x_wconf 84' lang='lat' dir='ltr'>prorsus</span> <span class='ocrx_word' id='word_1_23' title='bbox 1610 797 1759 909; x_wconf 84' lang='lat' dir='ltr'>inepta</span> <span class='ocrx_word' id='word_1_24' title='bbox 1814 797 1906 882; x_wconf 84' lang='lat' dir='ltr'>Ne·</span> 
     </span>
     <span class='ocr_line' id='line_1_4' title="bbox 247 921 1906 1042; baseline 0.001 -36"><span class='ocrx_word' id='word_1_25' title='bbox 247 945 359 1038; x_wconf 91' lang='lat' dir='ltr'>queo</span> <span class='ocrx_word' id='word_1_26' title='bbox 389 921 482 1008; x_wconf 89' lang='lat' dir='ltr'>sane</span> <span class='ocrx_word' id='word_1_27' title='bbox 511 921 604 1012; x_wconf 89' lang='lat' dir='ltr'>satis</span> <span class='ocrx_word' id='word_1_28' title='bbox 638 927 800 1022; x_wconf 85' lang='lat' dir='ltr'>mirari,</span> <span class='ocrx_word' id='word_1_29' title='bbox 828 929 901 1040; x_wconf 88' lang='lat' dir='ltr'>qui</span> <span class='ocrx_word' id='word_1_30' title='bbox 924 923 997 1028; x_wconf 89' lang='lat' dir='ltr'>abs</span> <span class='ocrx_word' id='word_1_31' title='bbox 1022 923 1060 1012; x_wconf 90' lang='lat' dir='ltr'>se</span> <span class='ocrx_word' id='word_1_32' title='bbox 1086 927 1318 1040; x_wconf 84' lang='lat' dir='ltr'>impetrare</span> <span class='ocrx_word' id='word_1_33' title='bbox 1336 934 1547 1042; x_wconf 88' lang='lat' dir='ltr'>potuerint</span> <span class='ocrx_word' id='word_1_34' title='bbox 1569 921 1731 1040; x_wconf 84' lang='lat' dir='ltr'>plumbi</span> <span class='ocrx_word' id='word_1_35' title='bbox 1750 925 1906 1013; x_wconf 88' lang='lat' dir='ltr'>veteris</span> 
     </span>
     <span class='ocr_line' id='line_1_5' title="bbox 248 1053 1905 1176; baseline -0.001 -34"><span class='ocrx_word' id='word_1_36' title='bbox 248 1053 400 1163; x_wconf 83' lang='lat' dir='ltr'>osores,</span> <span class='ocrx_word' id='word_1_37' title='bbox 442 1077 509 1164; x_wconf 91' lang='lat' dir='ltr'>ut,</span> <span class='ocrx_word' id='word_1_38' title='bbox 531 1083 664 1175; x_wconf 87' lang='lat' dir='ltr'>quum</span> <span class='ocrx_word' id='word_1_39' title='bbox 678 1061 722 1144; x_wconf 89' lang='lat' dir='ltr'>in</span> <span class='ocrx_word' id='word_1_40' title='bbox 745 1053 847 1144; x_wconf 86' lang='lat' dir='ltr'>orbe</span> <span class='ocrx_word' id='word_1_41' title='bbox 864 1062 1037 1174; x_wconf 88' lang='lat' dir='ltr'>antiquo</span> <span class='ocrx_word' id='word_1_42' title='bbox 1048 1060 1231 1146; x_wconf 83' lang='lat' dir='ltr'>minime</span> <span class='ocrx_word' id='word_1_43' title='bbox 1260 1059 1519 1152; x_wconf 83' lang='lat' dir='ltr'>versarentur</span> <span class='ocrx_word' id='word_1_44' title='bbox 1541 1059 1731 1176; x_wconf 81' lang='lat' dir='ltr'>hospites,</span> <span class='ocrx_word' id='word_1_45' title='bbox 1761 1076 1905 1144; x_wconf 88' lang='lat' dir='ltr'>tamen</span> 
     </span>
     <span class='ocr_line' id='line_1_6' title="bbox 249 1185 1905 1305; baseline -0.004 -27"><span class='ocrx_word' id='word_1_46' title='bbox 249 1185 430 1279; x_wconf 75' lang='lat' dir='ltr'>mulsam</span> <span class='ocrx_word' id='word_1_47' title='bbox 466 1189 580 1304; x_wconf 91' lang='lat' dir='ltr'>suam</span> <span class='ocrx_word' id='word_1_48' title='bbox 613 1185 834 1302; x_wconf 81' lang='lat' dir='ltr'>defendere</span> <span class='ocrx_word' id='word_1_49' title='bbox 863 1189 1112 1280; x_wconf 87' lang='lat' dir='ltr'>instituerint</span> <span class='ocrx_word' id='word_1_50' title='bbox 1143 1191 1211 1298; x_wconf 86' lang='lat' dir='ltr'>(d)</span> <span class='ocrx_word' id='word_1_51' title='bbox 1266 1190 1439 1282; x_wconf 86' lang='lat' dir='ltr'><strong>solemni</strong></span> <span class='ocrx_word' id='word_1_52' title='bbox 1461 1195 1528 1283; x_wconf 86' lang='lat' dir='ltr'>illa</span> <span class='ocrx_word' id='word_1_53' title='bbox 1548 1197 1754 1305; x_wconf 87' lang='lat' dir='ltr'>totiesque</span> <span class='ocrx_word' id='word_1_54' title='bbox 1776 1185 1905 1272; x_wconf 87' lang='lat' dir='ltr'>obvia</span> 
     </span>
     <span class='ocr_line' id='line_1_7' title="bbox 246 1311 2015 1445; baseline -0.001 -37"><span class='ocrx_word' id='word_1_55' title='bbox 246 1323 293 1409; x_wconf 91' lang='lat' dir='ltr'>in</span> <span class='ocrx_word' id='word_1_56' title='bbox 318 1327 459 1412; x_wconf 89' lang='lat' dir='ltr'>numis</span> <span class='ocrx_word' id='word_1_57' title='bbox 489 1323 670 1414; x_wconf 88' lang='lat' dir='ltr'>formula</span> <span class='ocrx_word' id='word_1_58' title='bbox 706 1349 751 1413; x_wconf 84' lang='lat' dir='ltr'>A.</span> <span class='ocrx_word' id='word_1_59' title='bbox 776 1351 822 1412; x_wconf 82' lang='lat' dir='ltr'>n.</span> <span class='ocrx_word' id='word_1_60' title='bbox 848 1351 891 1413; x_wconf 80' lang='lat' dir='ltr'>n.</span> <span class='ocrx_word' id='word_1_61' title='bbox 910 1351 948 1412; x_wconf 86' lang='lat' dir='ltr'>r.</span> <span class='ocrx_word' id='word_1_62' title='bbox 969 1351 1007 1413; x_wconf 86' lang='lat' dir='ltr'>r.</span> <span class='ocrx_word' id='word_1_63' title='bbox 1036 1325 1152 1444; x_wconf 87' lang='lat' dir='ltr'>quali</span> <span class='ocrx_word' id='word_1_64' title='bbox 1185 1348 1345 1416; x_wconf 87' lang='lat' dir='ltr'>veteres</span> <span class='ocrx_word' id='word_1_65' title='bbox 1370 1357 1418 1416; x_wconf 91' lang='lat' dir='ltr'>ea</span> <span class='ocrx_word' id='word_1_66' title='bbox 1437 1311 1521 1445; x_wconf 88' lang='lat' dir='ltr'>ipsa</span> <span class='ocrx_word' id='word_1_67' title='bbox 1553 1323 1736 1413; x_wconf 91' lang='lat' dir='ltr'>indicare</span> <span class='ocrx_word' id='word_1_68' title='bbox 1760 1318 1907 1408; x_wconf 85' lang='lat' dir='ltr'>volue-</span> <span class='ocrx_word' id='word_1_69' title='bbox 2012 1393 2015 1398; x_wconf 94' lang='lat'>.</span> 
     </span>
     <span class='ocr_line' id='line_1_8' title="bbox 245 1448 1908 1576; baseline -0.004 -34"><span class='ocrx_word' id='word_1_70' title='bbox 245 1461 350 1562; x_wconf 91' lang='lat' dir='ltr'>riut,</span> <span class='ocrx_word' id='word_1_71' title='bbox 381 1455 419 1544; x_wconf 87' lang='lat' dir='ltr'>se</span> <span class='ocrx_word' id='word_1_72' title='bbox 441 1459 572 1562; x_wconf 86' lang='lat' dir='ltr'>Auro,</span> <span class='ocrx_word' id='word_1_73' title='bbox 597 1459 774 1576; x_wconf 75' lang='lat' dir='ltr'>Argenta</span> <span class='ocrx_word' id='word_1_74' title='bbox 796 1457 970 1574; x_wconf 66' lang='lat' dir='ltr'>narique</span> <span class='ocrx_word' id='word_1_75' title='bbox 999 1455 1166 1562; x_wconf 75' lang='lat' dir='ltr'>Haradu,</span> <span class='ocrx_word' id='word_1_76' title='bbox 1191 1457 1403 1563; x_wconf 81' lang='lat' dir='ltr'>Feriundo,</span> <span class='ocrx_word' id='word_1_77' title='bbox 1429 1487 1518 1548; x_wconf 92' lang='lat' dir='ltr'>non</span> <span class='ocrx_word' id='word_1_78' title='bbox 1540 1459 1629 1547; x_wconf 89' lang='lat' dir='ltr'>aliis</span> <span class='ocrx_word' id='word_1_79' title='bbox 1655 1449 1830 1542; x_wconf 86' lang='lat' dir='ltr'>metallis</span> <span class='ocrx_word' id='word_1_80' title='bbox 1854 1448 1908 1536; x_wconf 82' lang='lat' dir='ltr'>st·&#39;</span> 
     </span>
     <span class='ocr_line' id='line_1_9' title="bbox 246 1577 1904 1710; baseline -0.007 -32"><span class='ocrx_word' id='word_1_81' title='bbox 246 1587 438 1704; x_wconf 79' lang='lat' dir='ltr'>guandis,</span> <span class='ocrx_word' id='word_1_82' title='bbox 460 1587 576 1678; x_wconf 78' lang='lat' dir='ltr'>soille</span> <span class='ocrx_word' id='word_1_83' title='bbox 597 1611 835 1706; x_wconf 89' lang='lat' dir='ltr'>occupatos.</span> <span class='ocrx_word' id='word_1_84' title='bbox 893 1593 1000 1702; x_wconf 81' lang='lat' dir='ltr'>Qis</span> <span class='ocrx_word' id='word_1_85' title='bbox 1021 1595 1134 1678; x_wconf 93' lang='lat' dir='ltr'>enim</span> <span class='ocrx_word' id='word_1_86' title='bbox 1158 1589 1417 1706; x_wconf 84' lang='lat' dir='ltr'>linguarum,</span> <span class='ocrx_word' id='word_1_87' title='bbox 1443 1620 1548 1710; x_wconf 90' lang='lat' dir='ltr'>quas</span> <span class='ocrx_word' id='word_1_88' title='bbox 1572 1585 1753 1678; x_wconf 84' lang='lat' dir='ltr'>eruditas</span> <span class='ocrx_word' id='word_1_89' title='bbox 1775 1577 1904 1670; x_wconf 85' lang='lat' dir='ltr'>hodie</span> 
     </span>
     <span class='ocr_line' id='line_1_10' title="bbox 247 1713 1906 1842; baseline -0.007 -30"><span class='ocrx_word' id='word_1_90' title='bbox 247 1749 467 1827; x_wconf 86' lang='lat' dir='ltr'>vocamus,</span> <span class='ocrx_word' id='word_1_91' title='bbox 496 1722 600 1813; x_wconf 86' lang='lat' dir='ltr'>adeo</span> <span class='ocrx_word' id='word_1_92' title='bbox 625 1725 681 1812; x_wconf 90' lang='lat' dir='ltr'>est</span> <span class='ocrx_word' id='word_1_93' title='bbox 706 1721 842 1829; x_wconf 86' lang='lat' dir='ltr'>rudis,</span> <span class='ocrx_word' id='word_1_94' title='bbox 854 1729 929 1841; x_wconf 90' lang='lat' dir='ltr'>qui</span> <span class='ocrx_word' id='word_1_95' title='bbox 948 1749 1038 1812; x_wconf 90' lang='lat' dir='ltr'>non</span> <span class='ocrx_word' id='word_1_96' title='bbox 1055 1722 1170 1828; x_wconf 89' lang='lat' dir='ltr'>sciat,</span> <span class='ocrx_word' id='word_1_97' title='bbox 1194 1751 1323 1842; x_wconf 89' lang='lat' dir='ltr'>quam</span> <span class='ocrx_word' id='word_1_98' title='bbox 1341 1725 1419 1814; x_wconf 90' lang='lat' dir='ltr'>late</span> <span class='ocrx_word' id='word_1_99' title='bbox 1432 1728 1542 1814; x_wconf 81' lang='lat' dir='ltr'>aeris</span> <span class='ocrx_word' id='word_1_100' title='bbox 1561 1718 1753 1814; x_wconf 85' lang='lat' dir='ltr'>vocabuli</span> <span class='ocrx_word' id='word_1_101' title='bbox 1767 1713 1906 1806; x_wconf 83' lang='lat' dir='ltr'>sensus</span> 
     </span>
     <span class='ocr_line' id='line_1_11' title="bbox 242 1842 1910 1975; baseline -0.005 -31"><span class='ocrx_word' id='word_1_102' title='bbox 242 1855 356 1974; x_wconf 80' lang='lat' dir='ltr'>&#39;apud</span> <span class='ocrx_word' id='word_1_103' title='bbox 384 1877 545 1944; x_wconf 83' lang='lat' dir='ltr'>veteres</span> <span class='ocrx_word' id='word_1_104' title='bbox 576 1863 763 1974; x_wconf 86' lang='lat' dir='ltr'>patuerit.</span> <span class='ocrx_word' id='word_1_105' title='bbox 819 1858 894 1975; x_wconf 88' lang='lat' dir='ltr'>ipli</span> <span class='ocrx_word' id='word_1_106' title='bbox 923 1861 1080 1947; x_wconf 86' lang='lat' dir='ltr'>tirones</span> <span class='ocrx_word' id='word_1_107' title='bbox 1109 1855 1222 1946; x_wconf 89' lang='lat' dir='ltr'>baud</span> <span class='ocrx_word' id='word_1_108' title='bbox 1255 1863 1476 1974; x_wconf 85' lang='lat' dir='ltr'>ignorant,</span> <span class='ocrx_word' id='word_1_109' title='bbox 1523 1863 1711 1948; x_wconf 89' lang='lat' dir='ltr'>Graecos</span> <span class='ocrx_word' id='word_1_110' title='bbox 1749 1842 1910 1951; x_wconf 62' lang='lat' dir='ltr'>xeniis,</span> 
     </span>
     <span class='ocr_line' id='line_1_12' title="bbox 244 1980 1910 2112; baseline -0.01 -28"><span class='ocrx_word' id='word_1_111' title='bbox 244 1997 419 2084; x_wconf 90' lang='lat' dir='ltr'>Latinos</span> <span class='ocrx_word' id='word_1_112' title='bbox 433 2021 536 2084; x_wconf 88' lang='lat' dir='ltr'>vero</span> <span class='ocrx_word' id='word_1_113' title='bbox 551 2023 629 2100; x_wconf 82' lang='lat' dir='ltr'>aes,</span> <span class='ocrx_word' id='word_1_114' title='bbox 663 1996 804 2082; x_wconf 88' lang='lat' dir='ltr'>omnis</span> <span class='ocrx_word' id='word_1_115' title='bbox 819 1999 984 2108; x_wconf 86' lang='lat' dir='ltr'>generis</span> <span class='ocrx_word' id='word_1_116' title='bbox 999 2019 1169 2099; x_wconf 86' lang='lat' dir='ltr'><strong>numos,</strong></span> <span class='ocrx_word' id='word_1_117' title='bbox 1195 2020 1249 2082; x_wconf 85' lang='lat' dir='ltr'>ex</span> <span class='ocrx_word' id='word_1_118' title='bbox 1267 2020 1519 2112; x_wconf 89' lang='lat' dir='ltr'>quocunque</span> <span class='ocrx_word' id='word_1_119' title='bbox 1541 1991 1717 2083; x_wconf 88' lang='lat' dir='ltr'>demum</span> <span class='ocrx_word' id='word_1_120' title='bbox 1741 1980 1910 2074; x_wconf 89' lang='lat' dir='ltr'>metallo</span> 
     </span>
     <span class='ocr_line' id='line_1_13' title="bbox 246 2117 1908 2252; baseline -0.012 -33"><span class='ocrx_word' id='word_1_121' title='bbox 246 2127 463 2230; x_wconf 87' lang='lat' dir='ltr'>conflatos,</span> <span class='ocrx_word' id='word_1_122' title='bbox 471 2125 703 2246; x_wconf 85' lang='lat' dir='ltr'>appellall&#39;e3</span> <span class='ocrx_word' id='word_1_123' title='bbox 734 2127 859 2242; x_wconf 87' lang='lat' dir='ltr'>idque</span> <span class='ocrx_word' id='word_1_124' title='bbox 875 2147 1092 2244; x_wconf 88' lang='lat' dir='ltr'>propterea</span> <span class='ocrx_word' id='word_1_125' title='bbox 1106 2121 1307 2252; x_wconf 80' lang='lat' dir='ltr'>sonabis,</span> <span class='ocrx_word' id='word_1_126' title='bbox 1323 2136 1623 2248; x_wconf 31' lang='lat' dir='ltr'>quoniamxaes,</span> <span class='ocrx_word' id='word_1_127' title='bbox 1640 2145 1736 2212; x_wconf 88' lang='lat' dir='ltr'>ante</span> <span class='ocrx_word' id='word_1_128' title='bbox 1747 2117 1908 2232; x_wconf 85' lang='lat' dir='ltr'>reliqua</span> 
     </span>
    </p>
   </div>
   <div class='ocr_carea' id='block_1_2' title="bbox 245 2249 2070 2378">
    <p class='ocr_par' dir='ltr' id='par_1_2' title="bbox 245 2249 2070 2378">
     <span class='ocr_line' id='line_1_14' title="bbox 245 2249 2070 2378; baseline -0.009 -28"><span class='ocrx_word' id='word_1_129' title='bbox 245 2262 432 2370; x_wconf 78' lang='lat' dir='ltr'>metalla,</span> <span class='ocrx_word' id='word_1_130' title='bbox 460 2259 570 2378; x_wconf 87' lang='lat' dir='ltr'>apud</span> <span class='ocrx_word' id='word_1_131' title='bbox 597 2259 674 2348; x_wconf 92' lang='lat' dir='ltr'>bos</span> <span class='ocrx_word' id='word_1_132' title='bbox 702 2259 881 2375; x_wconf 89' lang='lat' dir='ltr'>populos</span> <span class='ocrx_word' id='word_1_133' title='bbox 899 2320 912 2365; x_wconf 95' lang='lat'>,</span> <span class='ocrx_word' id='word_1_134' title='bbox 930 2257 1008 2346; x_wconf 82' lang='lat' dir='ltr'>suit</span> <span class='ocrx_word' id='word_1_135' title='bbox 1033 2259 1239 2374; x_wconf 82' lang='lat' dir='ltr'>lignatum</span> <span class='ocrx_word' id='word_1_136' title='bbox 1260 2269 1331 2364; x_wconf 87' lang='lat' dir='ltr'>(e).</span> <span class='ocrx_word' id='word_1_137' title='bbox 1385 2261 1498 2370; x_wconf 81' lang='lat' dir='ltr'>Qid</span> <span class='ocrx_word' id='word_1_138' title='bbox 1527 2257 1680 2376; x_wconf 73' lang='lat' dir='ltr'>igitur?</span> <span class='ocrx_word' id='word_1_139' title='bbox 1701 2255 1907 2344; x_wconf 83' lang='lat' dir='ltr'>litirones</span> <span class='ocrx_word' id='word_1_140' title='bbox 2017 2331 2021 2338; x_wconf 89' lang='grc'><em>,</em></span> <span class='ocrx_word' id='word_1_141' title='bbox 2058 2249 2070 2280; x_wconf 71' lang='grc'><strong>“</strong></span> 
     </span>
    </p>
   </div>
   <div class='ocr_carea' id='block_1_3' title="bbox 130 2373 2061 3969">
    <p class='ocr_par' dir='ltr' id='par_1_3' title="bbox 130 2373 2061 3969">
     <span class='ocr_line' id='line_1_15' title="bbox 244 2373 1910 2512; baseline -0.011 -26"><span class='ocrx_word' id='word_1_142' title='bbox 244 2393 553 2512; x_wconf 82' lang='lat' dir='ltr'>responderint,</span> <span class='ocrx_word' id='word_1_143' title='bbox 578 2393 729 2482; x_wconf 89' lang='lat' dir='ltr'>eodem</span> <span class='ocrx_word' id='word_1_144' title='bbox 751 2391 886 2481; x_wconf 87' lang='lat' dir='ltr'>latiori</span> <span class='ocrx_word' id='word_1_145' title='bbox 905 2391 1017 2480; x_wconf 88' lang='lat' dir='ltr'>sensu</span> <span class='ocrx_word' id='word_1_146' title='bbox 1036 2395 1144 2480; x_wconf 83' lang='lat' dir='ltr'>aeris</span> <span class='ocrx_word' id='word_1_147' title='bbox 1171 2390 1447 2498; x_wconf 84' lang='lat' dir='ltr'>vocabulum,</span> <span class='ocrx_word' id='word_1_148' title='bbox 1471 2396 1516 2479; x_wconf 92' lang='lat' dir='ltr'>in</span> <span class='ocrx_word' id='word_1_149' title='bbox 1531 2387 1715 2477; x_wconf 87' lang='lat' dir='ltr'>formula</span> <span class='ocrx_word' id='word_1_150' title='bbox 1742 2381 1810 2474; x_wconf 85' lang='lat' dir='ltr'>illa</span> <span class='ocrx_word' id='word_1_151' title='bbox 1832 2373 1910 2468; x_wconf 81' lang='lat' dir='ltr'>ad-</span> 
     </span>
     <span class='ocr_line' id='line_1_16' title="bbox 244 2504 1907 2646; baseline -0.01 -31"><span class='ocrx_word' id='word_1_152' title='bbox 244 2525 444 2632; x_wconf 86' lang='lat' dir='ltr'>bibitum,</span> <span class='ocrx_word' id='word_1_153' title='bbox 468 2524 688 2646; x_wconf 89' lang='lat' dir='ltr'>plumbeos</span> <span class='ocrx_word' id='word_1_154' title='bbox 703 2550 872 2642; x_wconf 89' lang='lat' dir='ltr'>quoque</span> <span class='ocrx_word' id='word_1_155' title='bbox 886 2548 1043 2614; x_wconf 87' lang='lat' dir='ltr'>numos</span> <span class='ocrx_word' id='word_1_156' title='bbox 1057 2519 1441 2640; x_wconf 71' lang='lat' dir='ltr'>comprehendere?</span> <span class='ocrx_word' id='word_1_157' title='bbox 1497 2519 1614 2612; x_wconf 89' lang='lat' dir='ltr'>Nihil</span> <span class='ocrx_word' id='word_1_158' title='bbox 1633 2539 1764 2624; x_wconf 88' lang='lat' dir='ltr'>cette,</span> <span class='ocrx_word' id='word_1_159' title='bbox 1788 2504 1907 2634; x_wconf 92' lang='lat' dir='ltr'>quod</span> 
     </span>
     <span class='ocr_line' id='line_1_17' title="bbox 246 2639 2061 2780; baseline -0.013 -28"><span class='ocrx_word' id='word_1_160' title='bbox 246 2654 450 2780; x_wconf 78' lang='lat' dir='ltr'>regera&#39;nt,</span> <span class='ocrx_word' id='word_1_161' title='bbox 458 2659 675 2748; x_wconf 88' lang='lat' dir='ltr'>adversarii</span> <span class='ocrx_word' id='word_1_162' title='bbox 697 2653 927 2756; x_wconf 80' lang='lat' dir='ltr'>habebunt3</span> <span class='ocrx_word' id='word_1_163' title='bbox 956 2661 1192 2774; x_wconf 86' lang='lat' dir='ltr'>praecipue,</span> <span class='ocrx_word' id='word_1_164' title='bbox 1201 2681 1334 2771; x_wconf 88' lang='lat' dir='ltr'>quum</span> <span class='ocrx_word' id='word_1_165' title='bbox 1355 2651 1566 2743; x_wconf 87' lang='lat' dir='ltr'>brevitatis</span> <span class='ocrx_word' id='word_1_166' title='bbox 1583 2651 1779 2754; x_wconf 90' lang='lat' dir='ltr'>studium,</span> <span class='ocrx_word' id='word_1_167' title='bbox 1787 2639 1906 2763; x_wconf 91' lang='lat' dir='ltr'>quod</span> <span class='ocrx_word' id='word_1_168' title='bbox 2054 2678 2061 2690; x_wconf 96' lang='lat'><strong>·</strong></span> 
     </span>
     <span class='ocr_line' id='line_1_18' title="bbox 245 2785 1909 2906; baseline -0.013 -20"><span class='ocrx_word' id='word_1_169' title='bbox 245 2800 466 2886; x_wconf 86' lang='lat' dir='ltr'>monetarii</span> <span class='ocrx_word' id='word_1_170' title='bbox 499 2813 661 2882; x_wconf 82' lang='lat' dir='ltr'>veteres</span> <span class='ocrx_word' id='word_1_171' title='bbox 678 2797 740 2886; x_wconf 78' lang='lat' dir='ltr'>,in</span> <span class='ocrx_word' id='word_1_172' title='bbox 763 2817 996 2880; x_wconf 90' lang='lat' dir='ltr'>numorum</span> <span class='ocrx_word' id='word_1_173' title='bbox 1029 2787 1365 2906; x_wconf 83' lang='lat' dir='ltr'>inscriptionibus</span> <span class='ocrx_word' id='word_1_174' title='bbox 1409 2785 1575 2877; x_wconf 78' lang='lat' dir='ltr'>sollicite</span> <span class='ocrx_word' id='word_1_175' title='bbox 1611 2785 1909 2884; x_wconf 76' lang='lat' dir='ltr'>observarunt,¹</span> 
     </span>
     <span class='ocr_line' id='line_1_19' title="bbox 247 2912 1910 3040; baseline -0.01 -22"><span class='ocrx_word' id='word_1_176' title='bbox 247 2949 440 3020; x_wconf 83' lang='lat' dir='ltr'>auctores</span> <span class='ocrx_word' id='word_1_177' title='bbox 464 2925 588 3012; x_wconf 87' lang='lat' dir='ltr'>buius</span> <span class='ocrx_word' id='word_1_178' title='bbox 616 2921 822 3012; x_wconf 81' lang='lat' dir='ltr'>formulae</span> <span class='ocrx_word' id='word_1_179' title='bbox 847 2921 1096 3038; x_wconf 89' lang='lat' dir='ltr'>prohibuille</span> <span class='ocrx_word' id='word_1_180' title='bbox 1118 2923 1330 3030; x_wconf 85' lang='lat' dir='ltr'>videatur,</span> <span class='ocrx_word' id='word_1_181' title='bbox 1356 2927 1586 3040; x_wconf 89' lang='lat' dir='ltr'>quominus</span> <span class='ocrx_word' id='word_1_182' title='bbox 1602 2919 1815 3038; x_wconf 84' lang='lat' dir='ltr'>&#39;tripliciA</span> <span class='ocrx_word' id='word_1_183' title='bbox 1838 2912 1910 3000; x_wconf 85' lang='lat' dir='ltr'>lit·</span> 
     </span>
     <span class='ocr_line' id='line_1_20' title="bbox 246 3053 1908 3174; baseline -0.011 -24"><span class='ocrx_word' id='word_1_184' title='bbox 246 3081 377 3150; x_wconf 88' lang='lat' dir='ltr'>teram</span> <span class='ocrx_word' id='word_1_185' title='bbox 399 3061 433 3149; x_wconf 80' lang='grc' dir='ltr'>Ρ</span> <span class='ocrx_word' id='word_1_186' title='bbox 455 3055 603 3147; x_wconf 88' lang='lat' dir='ltr'>darent</span> <span class='ocrx_word' id='word_1_187' title='bbox 636 3057 850 3144; x_wconf 86' lang='lat' dir='ltr'>comitem.</span> <span class='ocrx_word' id='word_1_188' title='bbox 917 3055 976 3143; x_wconf 91' lang='lat' dir='ltr'>Vt</span> <span class='ocrx_word' id='word_1_189' title='bbox 1003 3073 1144 3140; x_wconf 89' lang='lat' dir='ltr'>autem</span> <span class='ocrx_word' id='word_1_190' title='bbox 1165 3055 1289 3144; x_wconf 86' lang='lat' dir='ltr'>ludus</span> <span class='ocrx_word' id='word_1_191' title='bbox 1325 3055 1405 3141; x_wconf 88' lang='lat' dir='ltr'>suit</span> <span class='ocrx_word' id='word_1_192' title='bbox 1426 3053 1624 3162; x_wconf 84' lang='lat' dir='ltr'>altemm,</span> <span class='ocrx_word' id='word_1_193' title='bbox 1647 3079 1736 3174; x_wconf 90' lang='lat' dir='ltr'>quo</span> <span class='ocrx_word' id='word_1_194' title='bbox 1759 3065 1908 3142; x_wconf 89' lang='lat' dir='ltr'>contra</span> 
     </span>
     <span class='ocr_line' id='line_1_21' title="bbox 244 3181 1909 3320; baseline -0.01 -37"><span class='ocrx_word' id='word_1_195' title='bbox 244 3185 432 3320; x_wconf 89' lang='lat' dir='ltr'>plumbei</span> <span class='ocrx_word' id='word_1_196' title='bbox 453 3187 715 3278; x_wconf 83' lang='lat' dir='ltr'>numismatis</span> <span class='ocrx_word' id='word_1_197' title='bbox 747 3189 1035 3302; x_wconf 83' lang='lat' dir='ltr'>antiquitatem</span> <span class='ocrx_word' id='word_1_198' title='bbox 1077 3207 1306 3304; x_wconf 86' lang='lat' dir='ltr'>pugnatur,</span> <span class='ocrx_word' id='word_1_199' title='bbox 1335 3212 1654 3306; x_wconf 80' lang='lat' dir='ltr'>argumentum,</span> <span class='ocrx_word' id='word_1_200' title='bbox 1692 3181 1909 3276; x_wconf 85' lang='lat' dir='ltr'>infirmare</span> 
     </span>
     <span class='ocr_line' id='line_1_22' title="bbox 245 3315 1911 3447; baseline -0.008 -28"><span class='ocrx_word' id='word_1_201' title='bbox 245 3351 368 3447; x_wconf 91' lang='lat' dir='ltr'>atque</span> <span class='ocrx_word' id='word_1_202' title='bbox 392 3325 613 3442; x_wconf 83' lang='lat' dir='ltr'>frangere:</span> <span class='ocrx_word' id='word_1_203' title='bbox 667 3321 723 3411; x_wconf 83' lang='lat' dir='ltr'>stc</span> <span class='ocrx_word' id='word_1_204' title='bbox 746 3319 862 3410; x_wconf 89' lang='lat' dir='ltr'>nullo</span> <span class='ocrx_word' id='word_1_205' title='bbox 883 3325 1071 3436; x_wconf 81' lang='lat' dir='ltr'>negotio</span> <span class='ocrx_word' id='word_1_206' title='bbox 1097 3326 1268 3410; x_wconf 89' lang='lat' dir='ltr'>tertium</span> <span class='ocrx_word' id='word_1_207' title='bbox 1297 3349 1468 3444; x_wconf 89' lang='lat' dir='ltr'>quoque</span> <span class='ocrx_word' id='word_1_208' title='bbox 1501 3323 1719 3428; x_wconf 86' lang='lat' dir='ltr'>refellitur,</span> <span class='ocrx_word' id='word_1_209' title='bbox 1747 3345 1834 3438; x_wconf 90' lang='lat' dir='ltr'>quo</span> <span class='ocrx_word' id='word_1_210' title='bbox 1848 3315 1911 3406; x_wconf 91' lang='lat' dir='ltr'>illi</span> 
     </span>
     <span class='ocr_line' id='line_1_23' title="bbox 245 3446 1909 3574; baseline -0.008 -24"><span class='ocrx_word' id='word_1_211' title='bbox 245 3457 376 3552; x_wconf 87' lang='lat' dir='ltr'>solent</span> <span class='ocrx_word' id='word_1_212' title='bbox 390 3459 472 3561; x_wconf 89' lang='lat' dir='ltr'>uti,</span> <span class='ocrx_word' id='word_1_213' title='bbox 496 3456 591 3572; x_wconf 89' lang='lat' dir='ltr'>qui,</span> <span class='ocrx_word' id='word_1_214' title='bbox 613 3449 707 3540; x_wconf 87' lang='lat' dir='ltr'>licet</span> <span class='ocrx_word' id='word_1_215' title='bbox 723 3446 833 3539; x_wconf 91' lang='lat' dir='ltr'>haud</span> <span class='ocrx_word' id='word_1_216' title='bbox 854 3472 1027 3568; x_wconf 85' lang='lat' dir='ltr'>negent,</span> <span class='ocrx_word' id='word_1_217' title='bbox 1043 3451 1272 3570; x_wconf 86' lang='lat' dir='ltr'>superstites</span> <span class='ocrx_word' id='word_1_218' title='bbox 1289 3454 1367 3544; x_wconf 87' lang='lat' dir='ltr'>elle</span> <span class='ocrx_word' id='word_1_219' title='bbox 1381 3479 1435 3546; x_wconf 84' lang='lat' dir='ltr'>ex</span> <span class='ocrx_word' id='word_1_220' title='bbox 1455 3461 1629 3574; x_wconf 90' lang='lat' dir='ltr'>antiquo</span> <span class='ocrx_word' id='word_1_221' title='bbox 1647 3481 1753 3554; x_wconf 86' lang='lat' dir='ltr'>aevo</span> <span class='ocrx_word' id='word_1_222' title='bbox 1769 3451 1909 3570; x_wconf 81' lang='lat' dir='ltr'>plum-</span> 
     </span>
     <span class='ocr_line' id='line_1_24' title="bbox 245 3584 1908 3707; baseline -0.006 -22"><span class='ocrx_word' id='word_1_223' title='bbox 245 3591 349 3686; x_wconf 89' lang='lat' dir='ltr'>beos</span> <span class='ocrx_word' id='word_1_224' title='bbox 364 3611 615 3691; x_wconf 76' lang='lat' dir='ltr'>numoseos</span> <span class='ocrx_word' id='word_1_225' title='bbox 629 3607 770 3673; x_wconf 89' lang='lat' dir='ltr'>tamen</span> <span class='ocrx_word' id='word_1_226' title='bbox 786 3587 832 3670; x_wconf 92' lang='lat' dir='ltr'>in</span> <span class='ocrx_word' id='word_1_227' title='bbox 849 3593 1107 3673; x_wconf 90' lang='lat' dir='ltr'>commercio</span> <span class='ocrx_word' id='word_1_228' title='bbox 1122 3586 1265 3674; x_wconf 87' lang='lat' dir='ltr'>locum</span> <span class='ocrx_word' id='word_1_229' title='bbox 1282 3584 1464 3676; x_wconf 85' lang='lat' dir='ltr'>babuisse</span> <span class='ocrx_word' id='word_1_230' title='bbox 1481 3608 1722 3707; x_wconf 82' lang='lat' dir='ltr'>pernegant.</span> <span class='ocrx_word' id='word_1_231' title='bbox 1777 3585 1908 3680; x_wconf 86' lang='lat' dir='ltr'>Desu-</span> 
     </span>
     <span class='ocr_line' id='line_1_25' title="bbox 245 3711 1909 3841; baseline -0.007 -21"><span class='ocrx_word' id='word_1_232' title='bbox 245 3719 484 3820; x_wconf 88' lang='lat' dir='ltr'>muntillud</span> <span class='ocrx_word' id='word_1_233' title='bbox 501 3750 526 3808; x_wconf 86' lang='lat' dir='ltr'>a</span> <span class='ocrx_word' id='word_1_234' title='bbox 542 3723 736 3806; x_wconf 87' lang='lat' dir='ltr'>Monetae</span> <span class='ocrx_word' id='word_1_235' title='bbox 753 3711 911 3832; x_wconf 82' lang='lat' dir='ltr'>figura,</span> <span class='ocrx_word' id='word_1_236' title='bbox 925 3743 1054 3834; x_wconf 88' lang='lat' dir='ltr'>quam</span> <span class='ocrx_word' id='word_1_237' title='bbox 1077 3719 1123 3804; x_wconf 91' lang='lat' dir='ltr'>in</span> <span class='ocrx_word' id='word_1_238' title='bbox 1138 3717 1351 3807; x_wconf 85' lang='lat' dir='ltr'>nonnullis</span> <span class='ocrx_word' id='word_1_239' title='bbox 1369 3719 1609 3812; x_wconf 87' lang='lat' dir='ltr'>senescentis</span> <span class='ocrx_word' id='word_1_240' title='bbox 1632 3726 1798 3841; x_wconf 88' lang='lat' dir='ltr'>imperii</span> <span class='ocrx_word' id='word_1_241' title='bbox 1821 3725 1909 3810; x_wconf 85' lang='lat' dir='ltr'>Ro·</span> 
     </span>
     <span class='ocr_line' id='line_1_26' title="bbox 130 3841 1908 3969; baseline -0.006 -15"><span class='ocrx_word' id='word_1_242' title='bbox 130 3841 141 3864; x_wconf 71' lang='grc'>’</span> <span class='ocrx_word' id='word_1_243' title='bbox 245 3865 361 3954; x_wconf 88' lang='lat' dir='ltr'>mani</span> <span class='ocrx_word' id='word_1_244' title='bbox 384 3857 525 3945; x_wconf 91' lang='lat' dir='ltr'>numis</span> <span class='ocrx_word' id='word_1_245' title='bbox 541 3847 664 3940; x_wconf 88' lang='lat' dir='ltr'>habet</span> <span class='ocrx_word' id='word_1_246' title='bbox 684 3851 759 3960; x_wconf 83' lang='lat' dir='ltr'>(s).</span> <span class='ocrx_word' id='word_1_247' title='bbox 795 3853 841 3938; x_wconf 88' lang='lat' dir='ltr'>in</span> <span class='ocrx_word' id='word_1_248' title='bbox 870 3847 934 3938; x_wconf 90' lang='lat' dir='ltr'>bis</span> <span class='ocrx_word' id='word_1_249' title='bbox 957 3879 1051 3940; x_wconf 87' lang='lat' dir='ltr'>eam</span> <span class='ocrx_word' id='word_1_250' title='bbox 1076 3845 1246 3938; x_wconf 89' lang='lat' dir='ltr'>subinde</span> <span class='ocrx_word' id='word_1_251' title='bbox 1268 3853 1570 3969; x_wconf 86' lang='lat' dir='ltr'>repraesentant</span> <span class='ocrx_word' id='word_1_252' title='bbox 1592 3857 1787 3946; x_wconf 84' lang='lat' dir='ltr'>mulieres</span> <span class='ocrx_word' id='word_1_253' title='bbox 1808 3879 1908 3962; x_wconf 84' lang='lat' dir='ltr'>tres,</span> 
     </span>
    </p>
   </div>
   <div class='ocr_carea' id='block_1_4' title="bbox 246 3981 1908 4214">
    <p class='ocr_par' dir='ltr' id='par_1_4' title="bbox 246 3981 1908 4214">
     <span class='ocr_line' id='line_1_27' title="bbox 246 3981 1907 4194; baseline -0.003 -109"><span class='ocrx_word' id='word_1_254' title='bbox 246 4017 428 4116; x_wconf 84' lang='lat' dir='ltr'>quarunt</span> <span class='ocrx_word' id='word_1_255' title='bbox 444 4011 718 4104; x_wconf 86' lang='lat' dir='ltr'>unaquaeque</span> <span class='ocrx_word' id='word_1_256' title='bbox 743 3983 1039 4074; x_wconf 79' lang='lat' dir='ltr'>dextra-manu</span> <span class='ocrx_word' id='word_1_257' title='bbox 1066 3981 1291 4094; x_wconf 89' lang='lat' dir='ltr'>bilancem,</span> <span class='ocrx_word' id='word_1_258' title='bbox 1323 3985 1480 4078; x_wconf 89' lang='lat' dir='ltr'>sinistra</span> <span class='ocrx_word' id='word_1_259' title='bbox 1506 4013 1640 4078; x_wconf 91' lang='lat' dir='ltr'>comu</span> <span class='ocrx_word' id='word_1_260' title='bbox 1664 3991 1907 4194; x_wconf 51' lang='lat' dir='ltr'>Amalthgae</span> 
     </span>
     <span class='ocr_line' id='line_1_28' title="bbox 1782 4121 1908 4214; baseline -0.024 -20"><span class='ocrx_word' id='word_1_261' title='bbox 1782 4125 1822 4194; x_wconf 90' lang='lat' dir='ltr'>te</span> <span class='ocrx_word' id='word_1_262' title='bbox 1852 4121 1908 4214; x_wconf 84' lang='lat' dir='ltr'>et,</span> 
     </span>
    </p>
   </div>
   <div class='ocr_carea' id='block_1_5' title="bbox 253 4292 1908 4334">
    <p class='ocr_par' dir='ltr' id='par_1_5' title="bbox 253 4292 1908 4334">
     <span class='ocr_line' id='line_1_29' title="bbox 253 4292 1908 4334; baseline -0.001 -2"><span class='ocrx_word' id='word_1_263' title='bbox 253 4292 1908 4334; x_wconf 46' lang='lat' dir='ltr'>*wa-mmmmm</span> 
     </span>
    </p>
   </div>
   <div class='ocr_carea' id='block_1_6' title="bbox 142 4409 1917 5062">
    <p class='ocr_par' dir='ltr' id='par_1_6' title="bbox 243 4409 1292 4510">
     <span class='ocr_line' id='line_1_30' title="bbox 243 4409 1292 4510; baseline -0.002 -22"><span class='ocrx_word' id='word_1_264' title='bbox 243 4419 295 4510; x_wconf 74' lang='lat' dir='ltr'>(i)</span> <span class='ocrx_word' id='word_1_265' title='bbox 313 4413 388 4488; x_wconf 82' lang='lat' dir='ltr'>vid.</span> <span class='ocrx_word' id='word_1_266' title='bbox 414 4431 497 4486; x_wconf 76' lang='lat' dir='ltr'>tou.</span> <span class='ocrx_word' id='word_1_267' title='bbox 521 4425 705 4483; x_wconf 74' lang='lat' dir='ltr'>astemoe</span> <span class='ocrx_word' id='word_1_268' title='bbox 728 4409 790 4478; x_wconf 81' lang='lat' dir='ltr'>loc.</span> <span class='ocrx_word' id='word_1_269' title='bbox 811 4411 982 4503; x_wconf 64' lang='lat' dir='ltr'>cintsp&#39;ag.</span> <span class='ocrx_word' id='word_1_270' title='bbox 998 4425 1031 4500; x_wconf 81' lang='lat'>⁹·</span> <span class='ocrx_word' id='word_1_271' title='bbox 1162 4411 1292 4486; x_wconf 77' lang='lat' dir='ltr'>videbit.</span> 
     </span>
    </p>

    <p class='ocr_par' dir='ltr' id='par_1_7' title="bbox 244 4508 1910 4840">
     <span class='ocr_line' id='line_1_31' title="bbox 244 4508 1910 4621; baseline 0.002 -26"><span class='ocrx_word' id='word_1_272' title='bbox 244 4522 452 4621; x_wconf 48' lang='lat' dir='ltr'>(aeonion</span> <span class='ocrx_word' id='word_1_273' title='bbox 485 4539 567 4595; x_wconf 78' lang='lat' dir='ltr'>tort.</span> <span class='ocrx_word' id='word_1_274' title='bbox 603 4537 850 4588; x_wconf 75' lang='lat' dir='ltr'>cantatoria.</span> <span class='ocrx_word' id='word_1_275' title='bbox 882 4538 1052 4588; x_wconf 71' lang='lat' dir='ltr'>vaurts·</span> <span class='ocrx_word' id='word_1_276' title='bbox 1094 4508 1147 4610; x_wconf 81' lang='lat' dir='ltr'>(s)</span> <span class='ocrx_word' id='word_1_277' title='bbox 1163 4520 1237 4592; x_wconf 85' lang='lat' dir='ltr'>Vid</span> <span class='ocrx_word' id='word_1_278' title='bbox 1251 4511 1910 4618; x_wconf 62' lang='lat' dir='ltr'>munceidmrhwtogtntnmnnn:</span> 
     </span>
     <span class='ocr_line' id='line_1_32' title="bbox 312 4623 1908 4730; baseline 0.004 -26"><span class='ocrx_word' id='word_1_279' title='bbox 312 4653 480 4704; x_wconf 76' lang='lat' dir='ltr'>eristun</span> <span class='ocrx_word' id='word_1_280' title='bbox 503 4629 544 4702; x_wconf 81' lang='lat' dir='ltr'>dr</span> <span class='ocrx_word' id='word_1_281' title='bbox 563 4649 602 4702; x_wconf 79' lang='lat' dir='ltr'>re</span> <span class='ocrx_word' id='word_1_282' title='bbox 633 4623 787 4698; x_wconf 81' lang='lat' dir='ltr'>monetali</span> <span class='ocrx_word' id='word_1_283' title='bbox 828 4644 974 4699; x_wconf 70' lang='lat' dir='ltr'>vernam</span> <span class='ocrx_word' id='word_1_284' title='bbox 990 4627 1054 4698; x_wconf 77' lang='lat' dir='ltr'>tto·</span> <span class='ocrx_word' id='word_1_285' title='bbox 1165 4643 1584 4730; x_wconf 42' lang='lat' dir='ltr'>rougnrrsnrttrrnt,</span> <span class='ocrx_word' id='word_1_286' title='bbox 1595 4633 1769 4708; x_wconf 78' lang='lat' dir='ltr'>delineatio</span> <span class='ocrx_word' id='word_1_287' title='bbox 1781 4643 1833 4706; x_wconf 72' lang='lat' dir='ltr'>ni</span> <span class='ocrx_word' id='word_1_288' title='bbox 1846 4659 1908 4711; x_wconf 78' lang='lat' dir='ltr'>aa·</span> 
     </span>
     <span class='ocr_line' id='line_1_33' title="bbox 308 4723 1909 4840; baseline 0.009 -36"><span class='ocrx_word' id='word_1_289' title='bbox 308 4763 490 4825; x_wconf 67' lang='lat' dir='ltr'>mmmm,</span> <span class='ocrx_word' id='word_1_290' title='bbox 497 4733 578 4830; x_wconf 80' lang='lat' dir='ltr'>Cap.</span> <span class='ocrx_word' id='word_1_291' title='bbox 595 4731 636 4808; x_wconf 84' lang='lat' dir='ltr'>V.</span> <span class='ocrx_word' id='word_1_292' title='bbox 647 4755 716 4826; x_wconf 72' lang='lat' dir='ltr'>pag.</span> <span class='ocrx_word' id='word_1_293' title='bbox 729 4753 778 4808; x_wconf 74' lang='lat' dir='ltr'>aa</span> <span class='ocrx_word' id='word_1_294' title='bbox 790 4723 846 4806; x_wconf 87' lang='lat' dir='ltr'>ubi</span> <span class='ocrx_word' id='word_1_295' title='bbox 860 4731 1055 4820; x_wconf 77' lang='lat' dir='ltr'>testimonia,</span> <span class='ocrx_word' id='word_1_296' title='bbox 1161 4735 1363 4824; x_wconf 75' lang='lat' dir='ltr'>mismaicae</span> <span class='ocrx_word' id='word_1_297' title='bbox 1382 4749 1538 4836; x_wconf 76' lang='lat' dir='ltr'>antiquat</span> <span class='ocrx_word' id='word_1_298' title='bbox 1550 4755 1581 4814; x_wconf 81' lang='lat' dir='ltr'>et</span> <span class='ocrx_word' id='word_1_299' title='bbox 1594 4749 1804 4828; x_wconf 71' lang='lat' dir='ltr'>recentioris,</span> <span class='ocrx_word' id='word_1_300' title='bbox 1824 4747 1909 4840; x_wconf 57' lang='lat' dir='ltr'>Ctp&#39;</span> 
     </span>
    </p>

    <p class='ocr_par' dir='ltr' id='par_1_8' title="bbox 142 4839 1917 5062">
     <span class='ocr_line' id='line_1_34' title="bbox 142 4839 1917 4948; baseline 0.002 -24"><span class='ocrx_word' id='word_1_301' title='bbox 142 4941 146 4948; x_wconf 89' lang='lat'><em>.</em></span> <span class='ocrx_word' id='word_1_302' title='bbox 310 4871 351 4926; x_wconf 79' lang='lat' dir='ltr'>ex</span> <span class='ocrx_word' id='word_1_303' title='bbox 364 4849 473 4943; x_wconf 83' lang='lat' dir='ltr'>priscis</span> <span class='ocrx_word' id='word_1_304' title='bbox 494 4843 676 4917; x_wconf 81' lang='lat' dir='ltr'>auctoribus</span> <span class='ocrx_word' id='word_1_305' title='bbox 700 4841 861 4928; x_wconf 68' lang='lat' dir='ltr'>collesla,</span> <span class='ocrx_word' id='word_1_306' title='bbox 882 4864 965 4936; x_wconf 83' lang='lat' dir='ltr'>quae</span> <span class='ocrx_word' id='word_1_307' title='bbox 986 4865 1057 4914; x_wconf 83' lang='lat' dir='ltr'>me·</span> <span class='ocrx_word' id='word_1_308' title='bbox 1099 4861 1103 4870; x_wconf 90' lang='grc'><strong>’</strong></span> <span class='ocrx_word' id='word_1_309' title='bbox 1165 4839 1221 4918; x_wconf 86' lang='lat' dir='ltr'>iii.</span> <span class='ocrx_word' id='word_1_310' title='bbox 1236 4867 1308 4940; x_wconf 68' lang='lat' dir='ltr'>pag.</span> <span class='ocrx_word' id='word_1_311' title='bbox 1324 4869 1372 4940; x_wconf 74' lang='lat'>45.</span> <span class='ocrx_word' id='word_1_312' title='bbox 1388 4871 1455 4943; x_wconf 85' lang='lat' dir='ltr'>quo</span> <span class='ocrx_word' id='word_1_313' title='bbox 1470 4851 1628 4924; x_wconf 80' lang='lat' dir='ltr'>inllbdlo</span> <span class='ocrx_word' id='word_1_314' title='bbox 1646 4857 1852 4946; x_wconf 84' lang='lat' dir='ltr'>quorundam</span> <span class='ocrx_word' id='word_1_315' title='bbox 1864 4857 1917 4933; x_wconf 68' lang='lat' dir='ltr'>‹tc</span> 
     </span>
     <span class='ocr_line' id='line_1_35' title="bbox 191 4943 1786 5062; baseline 0.001 -30"><span class='ocrx_word' id='word_1_316' title='bbox 191 5057 193 5062; x_wconf 66' lang='lat'>,</span> <span class='ocrx_word' id='word_1_317' title='bbox 311 4971 479 5036; x_wconf 74' lang='lat' dir='ltr'>moratum</span> <span class='ocrx_word' id='word_1_318' title='bbox 489 4943 1059 5038; x_wconf 75' lang='lat' dir='ltr'>hatumtocurcustunsondrmaut,</span> <span class='ocrx_word' id='word_1_319' title='bbox 1165 4953 1273 5027; x_wconf 81' lang='lat' dir='ltr'>nornis</span> <span class='ocrx_word' id='word_1_320' title='bbox 1287 4962 1424 5050; x_wconf 72' lang='lat' dir='ltr'>antiquis</span> <span class='ocrx_word' id='word_1_321' title='bbox 1444 4961 1559 5053; x_wconf 78' lang='lat' dir='ltr'>placite</span> <span class='ocrx_word' id='word_1_322' title='bbox 1573 4962 1786 5036; x_wconf 81' lang='lat' dir='ltr'>recensentur.</span> 
     </span>
    </p>
   </div>
   <div class='ocr_carea' id='block_1_7' title="bbox 0 0 2254 6054">
    <p class='ocr_par' dir='ltr' id='par_1_9' title="bbox 0 0 2254 6054">
     <span class='ocr_line' id='line_1_36' title="bbox 0 0 2254 6054; baseline 0 0"><span class='ocrx_word' id='word_1_323' title='bbox 0 0 2254 6054; x_wconf 95' lang='lat' dir='ltr'> </span> 
     </span>
    </p>
   </div>
  </div>
 </body>
</html>
