<?xml version="1.0" encoding="UTF-8"?>
<!DOCTYPE html PUBLIC "-//W3C//DTD XHTML 1.0 Transitional//EN"
    "http://www.w3.org/TR/xhtml1/DTD/xhtml1-transitional.dtd">
<html xmlns="http://www.w3.org/1999/xhtml" xml:lang="en" lang="en">
 <head>
  <title>
</title>
<meta http-equiv="Content-Type" content="text/html;charset=utf-8" />
  <meta name='ocr-system' content='tesseract 3.04.00' />
  <meta name='ocr-capabilities' content='ocr_page ocr_carea ocr_par ocr_line ocrx_word'/>
</head>
<body>
  <div class='ocr_page' id='page_1' title='image "./commentatiodenu00schlgoog_0159.png"; bbox 0 0 4504 6060; ppageno 0'>
   <div class='ocr_carea' id='block_1_1' title="bbox 1004 473 1402 572">
    <p class='ocr_par' dir='ltr' id='par_1_1' title="bbox 1004 473 1402 572">
     <span class='ocr_line' id='line_1_1' title="bbox 1004 473 1402 572; baseline 0.005 -2"><span class='ocrx_word' id='word_1_1' title='bbox 1004 473 1402 572; x_wconf 54' lang='lat' dir='ltr'>{airaudi</span> 
     </span>
    </p>
   </div>
   <div class='ocr_carea' id='block_1_2' title="bbox 364 610 2029 885">
    <p class='ocr_par' dir='ltr' id='par_1_2' title="bbox 364 610 2029 885">
     <span class='ocr_line' id='line_1_2' title="bbox 364 610 2029 748; baseline 0.005 -28"><span class='ocrx_word' id='word_1_2' title='bbox 364 633 431 720; x_wconf 89' lang='lat' dir='ltr'>sed</span> <span class='ocrx_word' id='word_1_3' title='bbox 447 637 676 742; x_wconf 83' lang='lat' dir='ltr'>Oceanum,</span> <span class='ocrx_word' id='word_1_4' title='bbox 702 633 943 748; x_wconf 85' lang='lat' dir='ltr'>Aethiopiae</span> <span class='ocrx_word' id='word_1_5' title='bbox 967 633 1163 739; x_wconf 89' lang='lat' dir='ltr'>fluvium,</span> <span class='ocrx_word' id='word_1_6' title='bbox 1182 632 1264 746; x_wconf 88' lang='lat' dir='ltr'>ipse</span> <span class='ocrx_word' id='word_1_7' title='bbox 1290 628 1488 747; x_wconf 85' lang='lat' dir='ltr'>exprelsrs</span> <span class='ocrx_word' id='word_1_8' title='bbox 1505 633 1660 724; x_wconf 87' lang='lat' dir='ltr'>indicat</span> <span class='ocrx_word' id='word_1_9' title='bbox 1678 633 1825 724; x_wconf 91' lang='lat' dir='ltr'>verbis.</span> <span class='ocrx_word' id='word_1_10' title='bbox 1841 637 1904 724; x_wconf 82' lang='lat' dir='ltr'>Ac</span> <span class='ocrx_word' id='word_1_11' title='bbox 1924 610 2029 747; x_wconf 80' lang='lat' dir='ltr'>latre,</span> 
     </span>
     <span class='ocr_line' id='line_1_3' title="bbox 369 763 2029 885; baseline 0.002 -30"><span class='ocrx_word' id='word_1_12' title='bbox 369 794 490 882; x_wconf 89' lang='lat' dir='ltr'>quae,</span> <span class='ocrx_word' id='word_1_13' title='bbox 518 769 629 885; x_wconf 89' lang='lat' dir='ltr'>apud</span> <span class='ocrx_word' id='word_1_14' title='bbox 655 772 871 881; x_wconf 82' lang='lat' dir='ltr'>scriptores</span> <span class='ocrx_word' id='word_1_15' title='bbox 898 769 1104 880; x_wconf 86' lang='lat' dir='ltr'>antiquos,</span> <span class='ocrx_word' id='word_1_16' title='bbox 1126 764 1178 852; x_wconf 94' lang='lat' dir='ltr'>de</span> <span class='ocrx_word' id='word_1_17' title='bbox 1205 765 1275 852; x_wconf 94' lang='lat' dir='ltr'>illo</span> <span class='ocrx_word' id='word_1_18' title='bbox 1291 763 1543 880; x_wconf 84' lang='lat' dir='ltr'>Aethiopum</span> <span class='ocrx_word' id='word_1_19' title='bbox 1562 767 1738 854; x_wconf 86' lang='lat' dir='ltr'>flumine</span> <span class='ocrx_word' id='word_1_20' title='bbox 1764 767 1940 882; x_wconf 85' lang='lat' dir='ltr'>legimus</span> <span class='ocrx_word' id='word_1_21' title='bbox 1964 799 2029 859; x_wconf 91' lang='lat' dir='ltr'>re·</span> 
     </span>
    </p>
   </div>
   <div class='ocr_carea' id='block_1_3' title="bbox 226 897 2027 1018">
    <p class='ocr_par' dir='ltr' id='par_1_3' title="bbox 226 897 2027 1018">
     <span class='ocr_line' id='line_1_4' title="bbox 226 897 2027 1018; baseline 0.003 -32"><span class='ocrx_word' id='word_1_22' title='bbox 226 951 229 957; x_wconf 35' lang='lat' dir='ltr'><strong>f</strong></span> <span class='ocrx_word' id='word_1_23' title='bbox 364 899 472 1005; x_wconf 89' lang='lat' dir='ltr'>lata,</span> <span class='ocrx_word' id='word_1_24' title='bbox 499 910 555 990; x_wconf 91' lang='lat' dir='ltr'>ita</span> <span class='ocrx_word' id='word_1_25' title='bbox 581 906 674 988; x_wconf 88' lang='lat' dir='ltr'>sunt</span> <span class='ocrx_word' id='word_1_26' title='bbox 698 907 963 1014; x_wconf 86' lang='lat' dir='ltr'>comparata,</span> <span class='ocrx_word' id='word_1_27' title='bbox 992 919 1038 984; x_wconf 93' lang='lat' dir='ltr'>ut</span> <span class='ocrx_word' id='word_1_28' title='bbox 1066 897 1292 985; x_wconf 91' lang='lat' dir='ltr'>commode</span> <span class='ocrx_word' id='word_1_29' title='bbox 1319 919 1474 1014; x_wconf 86' lang='lat' dir='ltr'><strong>queant</strong></span> <span class='ocrx_word' id='word_1_30' title='bbox 1495 899 1689 1011; x_wconf 88' lang='lat' dir='ltr'>explicari</span> <span class='ocrx_word' id='word_1_31' title='bbox 1718 897 1770 986; x_wconf 91' lang='lat' dir='ltr'>de</span> <span class='ocrx_word' id='word_1_32' title='bbox 1794 899 1912 1003; x_wconf 89' lang='lat' dir='ltr'>Nilo,</span> <span class='ocrx_word' id='word_1_33' title='bbox 1942 911 2027 1018; x_wconf 87' lang='lat' dir='ltr'>qui,</span> 
     </span>
    </p>
   </div>
   <div class='ocr_carea' id='block_1_4' title="bbox 325 1025 2076 2733">
    <p class='ocr_par' dir='ltr' id='par_1_4' title="bbox 325 1025 2076 2733">
     <span class='ocr_line' id='line_1_5' title="bbox 355 1025 2027 1150; baseline 0 -28"><span class='ocrx_word' id='word_1_34' title='bbox 355 1033 547 1150; x_wconf 77' lang='lat' dir='ltr'>perinde,</span> <span class='ocrx_word' id='word_1_35' title='bbox 570 1061 619 1122; x_wconf 91' lang='lat' dir='ltr'>ac</span> <span class='ocrx_word' id='word_1_36' title='bbox 633 1037 839 1137; x_wconf 76' lang='lat' dir='ltr'>Oceanus,</span> <span class='ocrx_word' id='word_1_37' title='bbox 863 1031 973 1147; x_wconf 92' lang='lat' dir='ltr'>apud</span> <span class='ocrx_word' id='word_1_38' title='bbox 1002 1057 1275 1120; x_wconf 79' lang='lat' dir='ltr'>uoueuvm</span> <span class='ocrx_word' id='word_1_39' title='bbox 1311 1035 1401 1144; x_wconf 90' lang='lat' dir='ltr'>(u),</span> <span class='ocrx_word' id='word_1_40' title='bbox 1427 1025 1457 1118; x_wconf 89' lang='lat' dir='ltr'>a</span> <span class='ocrx_word' id='word_1_41' title='bbox 1469 1031 1764 1146; x_wconf 85' lang='lat' dir='ltr'>recentioribus</span> <span class='ocrx_word' id='word_1_42' title='bbox 1781 1032 2027 1136; x_wconf 85' lang='lat' dir='ltr'>Habeffinis,</span> 
     </span>
     <span class='ocr_line' id='line_1_6' title="bbox 363 1160 2026 1282; baseline 0 -29"><span class='ocrx_word' id='word_1_43' title='bbox 363 1166 599 1271; x_wconf 86' lang='lat' dir='ltr'>Ambarice,</span> <span class='ocrx_word' id='word_1_44' title='bbox 617 1167 774 1268; x_wconf 76' lang='lat' dir='ltr'>Alanoi,</span> <span class='ocrx_word' id='word_1_45' title='bbox 801 1164 921 1253; x_wconf 92' lang='lat' dir='ltr'>idest</span> <span class='ocrx_word' id='word_1_46' title='bbox 947 1164 1340 1282; x_wconf 86' lang='lat' dir='ltr'>omniumfluminum</span> <span class='ocrx_word' id='word_1_47' title='bbox 1367 1185 1519 1277; x_wconf 82' lang='lat' dir='ltr'>parens</span> <span class='ocrx_word' id='word_1_48' title='bbox 1535 1160 1669 1249; x_wconf 88' lang='lat' dir='ltr'>dictus</span> <span class='ocrx_word' id='word_1_49' title='bbox 1695 1163 2026 1282; x_wconf 74' lang='lat' dir='ltr'>existimatusque</span> 
     </span>
     <span class='ocr_line' id='line_1_7' title="bbox 362 1295 2076 1416; baseline 0.002 -30"><span class='ocrx_word' id='word_1_50' title='bbox 362 1305 453 1410; x_wconf 84' lang='lat' dir='ltr'>(x),</span> <span class='ocrx_word' id='word_1_51' title='bbox 482 1306 544 1388; x_wconf 92' lang='lat' dir='ltr'>uti</span> <span class='ocrx_word' id='word_1_52' title='bbox 580 1303 724 1388; x_wconf 91' lang='lat' dir='ltr'>cursus</span> <span class='ocrx_word' id='word_1_53' title='bbox 748 1299 1050 1414; x_wconf 81' lang='lat' dir='ltr'>longinquitate</span> <span class='ocrx_word' id='word_1_54' title='bbox 1076 1319 1119 1385; x_wconf 89' lang='lat' dir='ltr'>et</span> <span class='ocrx_word' id='word_1_55' title='bbox 1154 1321 1357 1414; x_wconf 89' lang='lat' dir='ltr'>aquarum</span> <span class='ocrx_word' id='word_1_56' title='bbox 1385 1295 1547 1383; x_wconf 87' lang='lat' dir='ltr'>summa</span> <span class='ocrx_word' id='word_1_57' title='bbox 1574 1295 1825 1384; x_wconf 87' lang='lat' dir='ltr'>abundantia</span> <span class='ocrx_word' id='word_1_58' title='bbox 1858 1299 2027 1416; x_wconf 81' lang='lat' dir='ltr'>reliquis</span> <span class='ocrx_word' id='word_1_59' title='bbox 2071 1407 2076 1415; x_wconf 20' lang='lat'><strong><em>¹</em></strong></span> 
     </span>
     <span class='ocr_line' id='line_1_8' title="bbox 362 1426 2028 1548; baseline 0.002 -32"><span class='ocrx_word' id='word_1_60' title='bbox 362 1427 477 1520; x_wconf 87' lang='lat' dir='ltr'>orbis</span> <span class='ocrx_word' id='word_1_61' title='bbox 497 1431 639 1521; x_wconf 84' lang='lat' dir='ltr'>fluviis</span> <span class='ocrx_word' id='word_1_62' title='bbox 663 1430 973 1548; x_wconf 86' lang='lat' dir='ltr'>propemodum</span> <span class='ocrx_word' id='word_1_63' title='bbox 1000 1436 1161 1519; x_wconf 89' lang='lat' dir='ltr'>cunctis</span> <span class='ocrx_word' id='word_1_64' title='bbox 1191 1426 1408 1532; x_wconf 87' lang='lat' dir='ltr'>antecellit,</span> <span class='ocrx_word' id='word_1_65' title='bbox 1438 1427 1492 1514; x_wconf 84' lang='lat' dir='ltr'>stc</span> <span class='ocrx_word' id='word_1_66' title='bbox 1516 1431 1658 1541; x_wconf 89' lang='lat' dir='ltr'>utique</span> <span class='ocrx_word' id='word_1_67' title='bbox 1681 1429 1738 1515; x_wconf 90' lang='lat' dir='ltr'>est</span> <span class='ocrx_word' id='word_1_68' title='bbox 1766 1429 1933 1546; x_wconf 89' lang='lat' dir='ltr'>dignus,</span> <span class='ocrx_word' id='word_1_69' title='bbox 1954 1442 2028 1548; x_wconf 91' lang='lat' dir='ltr'>qui</span> 
     </span>
     <span class='ocr_line' id='line_1_9' title="bbox 362 1561 2028 1679; baseline 0.002 -29"><span class='ocrx_word' id='word_1_70' title='bbox 362 1589 463 1650; x_wconf 87' lang='lat' dir='ltr'>cum</span> <span class='ocrx_word' id='word_1_71' title='bbox 491 1591 647 1679; x_wconf 87' lang='lat' dir='ltr'>magno</span> <span class='ocrx_word' id='word_1_72' title='bbox 666 1563 905 1652; x_wconf 88' lang='lat' dir='ltr'>conferatur</span> <span class='ocrx_word' id='word_1_73' title='bbox 923 1568 1041 1650; x_wconf 80' lang='lat' dir='ltr'>mari.</span> <span class='ocrx_word' id='word_1_74' title='bbox 1111 1563 1224 1648; x_wconf 93' lang='lat' dir='ltr'>Cum</span> <span class='ocrx_word' id='word_1_75' title='bbox 1265 1566 1403 1675; x_wconf 87' lang='lat' dir='ltr'>itaque</span> <span class='ocrx_word' id='word_1_76' title='bbox 1427 1561 1537 1646; x_wconf 83' lang='lat' dir='ltr'>urna</span> <span class='ocrx_word' id='word_1_77' title='bbox 1562 1585 1640 1673; x_wconf 92' lang='lat' dir='ltr'>pro</span> <span class='ocrx_word' id='word_1_78' title='bbox 1665 1561 1802 1646; x_wconf 86' lang='lat' dir='ltr'>nostra</span> <span class='ocrx_word' id='word_1_79' title='bbox 1830 1570 2028 1676; x_wconf 84' lang='lat' dir='ltr'>opinione</span> 
     </span>
     <span class='ocr_line' id='line_1_10' title="bbox 362 1687 2026 1810; baseline 0.002 -32"><span class='ocrx_word' id='word_1_80' title='bbox 362 1692 524 1782; x_wconf 87' lang='lat' dir='ltr'>fortiter</span> <span class='ocrx_word' id='word_1_81' title='bbox 543 1715 802 1810; x_wconf 87' lang='lat' dir='ltr'>propugnat,</span> <span class='ocrx_word' id='word_1_82' title='bbox 841 1715 935 1780; x_wconf 88' lang='lat' dir='ltr'>turn</span> <span class='ocrx_word' id='word_1_83' title='bbox 958 1693 1101 1786; x_wconf 78' lang='lat' dir='ltr'>eidem¹</span> <span class='ocrx_word' id='word_1_84' title='bbox 1113 1719 1278 1780; x_wconf 89' lang='lat' dir='ltr'>novum</span> <span class='ocrx_word' id='word_1_85' title='bbox 1302 1691 1490 1804; x_wconf 87' lang='lat' dir='ltr'>adiungit</span> <span class='ocrx_word' id='word_1_86' title='bbox 1517 1687 1650 1776; x_wconf 84' lang='lat' dir='ltr'>robur</span> <span class='ocrx_word' id='word_1_87' title='bbox 1678 1690 1889 1796; x_wconf 80' lang='lat' dir='ltr'>bacillum,</span> <span class='ocrx_word' id='word_1_88' title='bbox 1915 1695 2026 1809; x_wconf 92' lang='lat' dir='ltr'>quod</span> 
     </span>
     <span class='ocr_line' id='line_1_11' title="bbox 365 1821 2026 1942; baseline 0.002 -30"><span class='ocrx_word' id='word_1_89' title='bbox 365 1824 501 1942; x_wconf 87' lang='lat' dir='ltr'>figura</span> <span class='ocrx_word' id='word_1_90' title='bbox 531 1825 787 1915; x_wconf 85' lang='lat' dir='ltr'>decumbens</span> <span class='ocrx_word' id='word_1_91' title='bbox 821 1825 965 1912; x_wconf 87' lang='lat' dir='ltr'>dextra</span> <span class='ocrx_word' id='word_1_92' title='bbox 1003 1821 1205 1939; x_wconf 87' lang='lat' dir='ltr'>praefert3</span> <span class='ocrx_word' id='word_1_93' title='bbox 1249 1825 1342 1910; x_wconf 89' lang='lat' dir='ltr'>loco</span> <span class='ocrx_word' id='word_1_94' title='bbox 1368 1827 1488 1910; x_wconf 90' lang='lat' dir='ltr'>cuius</span> <span class='ocrx_word' id='word_1_95' title='bbox 1522 1842 1736 1906; x_wconf 90' lang='lat' dir='ltr'>temonem</span> <span class='ocrx_word' id='word_1_96' title='bbox 1763 1841 1901 1938; x_wconf 91' lang='lat' dir='ltr'>tenere</span> <span class='ocrx_word' id='word_1_97' title='bbox 1928 1827 2026 1916; x_wconf 86' lang='lat' dir='ltr'>solet</span> 
     </span>
     <span class='ocr_line' id='line_1_12' title="bbox 362 1947 2023 2058; baseline 0 -14"><span class='ocrx_word' id='word_1_98' title='bbox 362 1961 568 2046; x_wconf 73' lang='lat' dir='ltr'>Oceanus</span> <span class='ocrx_word' id='word_1_99' title='bbox 633 1959 699 2045; x_wconf 89' lang='lat' dir='ltr'>Eo</span> <span class='ocrx_word' id='word_1_100' title='bbox 737 1962 851 2044; x_wconf 91' lang='lat' dir='ltr'>enim</span> <span class='ocrx_word' id='word_1_101' title='bbox 887 1955 1135 2043; x_wconf 89' lang='lat' dir='ltr'>adumbrate</span> <span class='ocrx_word' id='word_1_102' title='bbox 1169 1949 1340 2042; x_wconf 84' lang='lat' dir='ltr'>voluiffe</span> <span class='ocrx_word' id='word_1_103' title='bbox 1374 1950 1539 2040; x_wconf 89' lang='lat' dir='ltr'>videtur</span> <span class='ocrx_word' id='word_1_104' title='bbox 1578 1947 1727 2036; x_wconf 87' lang='lat' dir='ltr'>artifex</span> <span class='ocrx_word' id='word_1_105' title='bbox 1757 1953 2023 2058; x_wconf 88' lang='lat' dir='ltr'>arundinem,</span> 
     </span>
     <span class='ocr_line' id='line_1_13' title="bbox 363 2084 2025 2206; baseline 0.002 -31"><span class='ocrx_word' id='word_1_106' title='bbox 363 2107 514 2206; x_wconf 91' lang='lat' dir='ltr'>quaet</span> <span class='ocrx_word' id='word_1_107' title='bbox 547 2089 721 2194; x_wconf 90' lang='lat' dir='ltr'>Nilum,</span> <span class='ocrx_word' id='word_1_108' title='bbox 743 2107 788 2177; x_wconf 84' lang='lat' dir='ltr'>et</span> <span class='ocrx_word' id='word_1_109' title='bbox 810 2111 948 2176; x_wconf 89' lang='lat' dir='ltr'>cetera</span> <span class='ocrx_word' id='word_1_110' title='bbox 971 2089 1150 2200; x_wconf 88' lang='lat' dir='ltr'>flumina</span> <span class='ocrx_word' id='word_1_111' title='bbox 1175 2091 1309 2190; x_wconf 88' lang='lat' dir='ltr'>toties,</span> <span class='ocrx_word' id='word_1_112' title='bbox 1335 2092 1379 2170; x_wconf 89' lang='lat' dir='ltr'>in</span> <span class='ocrx_word' id='word_1_113' title='bbox 1399 2111 1493 2170; x_wconf 89' lang='lat' dir='ltr'>aere</span> <span class='ocrx_word' id='word_1_114' title='bbox 1511 2084 1695 2200; x_wconf 86' lang='lat' dir='ltr'>antiquo,</span> <span class='ocrx_word' id='word_1_115' title='bbox 1711 2087 1915 2175; x_wconf 87' lang='lat' dir='ltr'>exornata</span> <span class='ocrx_word' id='word_1_116' title='bbox 1923 2093 2025 2178; x_wconf 78' lang='lat' dir='ltr'>c&#39;on·</span> 
     </span>
     <span class='ocr_line' id='line_1_14' title="bbox 325 2209 2026 2335; baseline -0.001 -25"><span class='ocrx_word' id='word_1_117' title='bbox 325 2221 630 2334; x_wconf 29' lang='lat' dir='ltr'>,templamun</span> <span class='ocrx_word' id='word_1_118' title='bbox 700 2225 794 2309; x_wconf 91' lang='lat' dir='ltr'>Nec</span> <span class='ocrx_word' id='word_1_119' title='bbox 831 2226 1070 2335; x_wconf 88' lang='lat' dir='ltr'>quicquam</span> <span class='ocrx_word' id='word_1_120' title='bbox 1098 2228 1216 2308; x_wconf 85' lang='lat' dir='ltr'>iuvat</span> <span class='ocrx_word' id='word_1_121' title='bbox 1241 2223 1244 2232; x_wconf 79' lang='grc'>’</span> <span class='ocrx_word' id='word_1_122' title='bbox 1265 2209 1588 2304; x_wconf 87' lang='lat' dir='ltr'>eruditiffimum</span> <span class='ocrx_word' id='word_1_123' title='bbox 1628 2215 1858 2306; x_wconf 82' lang='lat' dir='ltr'>caelaturae</span> <span class='ocrx_word' id='word_1_124' title='bbox 1903 2215 2026 2310; x_wconf 90' lang='lat' dir='ltr'>huius</span> 
     </span>
     <span class='ocr_line' id='line_1_15' title="bbox 362 2349 2024 2468; baseline 0.002 -28"><span class='ocrx_word' id='word_1_125' title='bbox 362 2377 645 2442; x_wconf 84' lang='lat' dir='ltr'>enarraturam</span> <span class='ocrx_word' id='word_1_126' title='bbox 680 2379 885 2468; x_wconf 88' lang='lat' dir='ltr'>aquarum</span> <span class='ocrx_word' id='word_1_127' title='bbox 925 2355 1147 2467; x_wconf 81' lang='lat' dir='ltr'>planities,</span> <span class='ocrx_word' id='word_1_128' title='bbox 1181 2371 1313 2440; x_wconf 89' lang='lat' dir='ltr'>totam</span> <span class='ocrx_word' id='word_1_129' title='bbox 1361 2378 1556 2464; x_wconf 85' lang='lat' dir='ltr'>gemmae</span> <span class='ocrx_word' id='word_1_130' title='bbox 1602 2349 1834 2464; x_wconf 83' lang='lat' dir='ltr'>adimplens</span> <span class='ocrx_word' id='word_1_131' title='bbox 1873 2377 2024 2444; x_wconf 85' lang='lat' dir='ltr'>aream.</span> 
     </span>
     <span class='ocr_line' id='line_1_16' title="bbox 363 2481 2024 2601; baseline 0 -29"><span class='ocrx_word' id='word_1_132' title='bbox 363 2483 602 2587; x_wconf 75' lang='lat' dir='ltr'>Danubius,</span> <span class='ocrx_word' id='word_1_133' title='bbox 628 2488 716 2582; x_wconf 87' lang='lat' dir='ltr'>ait,</span> <span class='ocrx_word' id='word_1_134' title='bbox 756 2508 797 2572; x_wconf 82' lang='lat' dir='ltr'>tt</span> <span class='ocrx_word' id='word_1_135' title='bbox 832 2484 1017 2592; x_wconf 81' lang='lat' dir='ltr'>Rhenus,</span> <span class='ocrx_word' id='word_1_136' title='bbox 1050 2484 1196 2600; x_wconf 82' lang='lat' dir='ltr'>aliique</span> <span class='ocrx_word' id='word_1_137' title='bbox 1219 2485 1438 2601; x_wconf 79' lang='lat' dir='ltr'>quicunque</span> <span class='ocrx_word' id='word_1_138' title='bbox 1452 2481 1677 2600; x_wconf 84' lang='lat' dir='ltr'>fluminum,</span> <span class='ocrx_word' id='word_1_139' title='bbox 1704 2483 1843 2598; x_wconf 83' lang='lat' dir='ltr'>exiguo</span> <span class='ocrx_word' id='word_1_140' title='bbox 1852 2481 2024 2599; x_wconf 75' lang='lat' dir='ltr'>plerum·</span> 
     </span>
     <span class='ocr_line' id='line_1_17' title="bbox 363 2609 2025 2733; baseline 0 -29"><span class='ocrx_word' id='word_1_141' title='bbox 363 2643 438 2733; x_wconf 82' lang='lat' dir='ltr'>que</span> <span class='ocrx_word' id='word_1_142' title='bbox 469 2613 614 2715; x_wconf 79' lang='lat' dir='ltr'>alueo,</span> <span class='ocrx_word' id='word_1_143' title='bbox 642 2614 928 2728; x_wconf 75' lang='lat' dir='ltr'>magnitudinis</span> <span class='ocrx_word' id='word_1_144' title='bbox 954 2617 1051 2726; x_wconf 72' lang='lat' dir='ltr'>sirac</span> <span class='ocrx_word' id='word_1_145' title='bbox 1079 2611 1273 2704; x_wconf 85' lang='lat' dir='ltr'>modulum</span> <span class='ocrx_word' id='word_1_146' title='bbox 1304 2609 1496 2700; x_wconf 78' lang='lat' dir='ltr'>indicunt.</span> <span class='ocrx_word' id='word_1_147' title='bbox 1551 2614 1636 2700; x_wconf 85' lang='lat' dir='ltr'>Aut</span> <span class='ocrx_word' id='word_1_148' title='bbox 1660 2612 1806 2715; x_wconf 83' lang='lat' dir='ltr'>fallor,</span> <span class='ocrx_word' id='word_1_149' title='bbox 1834 2639 1906 2702; x_wconf 85' lang='lat' dir='ltr'>aut</span> <span class='ocrx_word' id='word_1_150' title='bbox 1927 2617 2025 2712; x_wconf 86' lang='lat' dir='ltr'>baec</span> 
     </span>
    </p>
   </div>
   <div class='ocr_carea' id='block_1_5' title="bbox 215 2744 2026 2859">
    <p class='ocr_par' dir='ltr' id='par_1_5' title="bbox 215 2744 2026 2859">
     <span class='ocr_line' id='line_1_18' title="bbox 215 2744 2026 2859; baseline 0.003 -26"><span class='ocrx_word' id='word_1_151' title='bbox 215 2749 221 2756; x_wconf 79' lang='grc'><em>’</em></span> <span class='ocrx_word' id='word_1_152' title='bbox 365 2755 411 2834; x_wconf 83' lang='lat' dir='ltr'>in</span> <span class='ocrx_word' id='word_1_153' title='bbox 442 2747 597 2836; x_wconf 84' lang='lat' dir='ltr'>litteras</span> <span class='ocrx_word' id='word_1_154' title='bbox 653 2771 742 2830; x_wconf 90' lang='lat' dir='ltr'>non</span> <span class='ocrx_word' id='word_1_155' title='bbox 782 2744 977 2832; x_wconf 83' lang='lat' dir='ltr'>remlillet</span> <span class='ocrx_word' id='word_1_156' title='bbox 1004 2751 1070 2852; x_wconf 86' lang='lat' dir='ltr'>vir</span> <span class='ocrx_word' id='word_1_157' title='bbox 1098 2751 1140 2832; x_wconf 89' lang='lat' dir='ltr'>in</span> <span class='ocrx_word' id='word_1_158' title='bbox 1171 2748 1290 2831; x_wconf 90' lang='lat' dir='ltr'>omni</span> <span class='ocrx_word' id='word_1_159' title='bbox 1325 2744 1586 2832; x_wconf 87' lang='lat' dir='ltr'>scientiarum</span> <span class='ocrx_word' id='word_1_160' title='bbox 1618 2771 1770 2859; x_wconf 86' lang='lat' dir='ltr'>genere</span> <span class='ocrx_word' id='word_1_161' title='bbox 1812 2747 2026 2840; x_wconf 72' lang='lat' dir='ltr'>versariu-</span> 
     </span>
    </p>
   </div>
   <div class='ocr_carea' id='block_1_6' title="bbox 362 2876 2051 4558">
    <p class='ocr_par' dir='ltr' id='par_1_6' title="bbox 362 2876 2051 4558">
     <span class='ocr_line' id='line_1_19' title="bbox 364 2876 2025 2994; baseline 0.001 -28"><span class='ocrx_word' id='word_1_162' title='bbox 364 2907 484 2967; x_wconf 89' lang='lat' dir='ltr'>mus:</span> <span class='ocrx_word' id='word_1_163' title='bbox 508 2882 539 2968; x_wconf 82' lang='lat' dir='ltr'>st</span> <span class='ocrx_word' id='word_1_164' title='bbox 566 2903 732 2964; x_wconf 91' lang='lat' dir='ltr'>memor</span> <span class='ocrx_word' id='word_1_165' title='bbox 745 2876 880 2964; x_wconf 86' lang='lat' dir='ltr'>foillet</span> <span class='ocrx_word' id='word_1_166' title='bbox 899 2878 998 2976; x_wconf 90' lang='lat' dir='ltr'>Nili,</span> <span class='ocrx_word' id='word_1_167' title='bbox 1022 2905 1173 2994; x_wconf 91' lang='lat' dir='ltr'>quem,</span> <span class='ocrx_word' id='word_1_168' title='bbox 1201 2877 1370 2992; x_wconf 74' lang='lat' dir='ltr'>singulis</span> <span class='ocrx_word' id='word_1_169' title='bbox 1385 2880 1516 2981; x_wconf 88' lang='lat' dir='ltr'>annis,</span> <span class='ocrx_word' id='word_1_170' title='bbox 1536 2899 1646 2965; x_wconf 90' lang='lat' dir='ltr'>certa</span> <span class='ocrx_word' id='word_1_171' title='bbox 1666 2879 1916 2993; x_wconf 87' lang='lat' dir='ltr'>tempestate,</span> <span class='ocrx_word' id='word_1_172' title='bbox 1934 2895 2025 2975; x_wconf 90' lang='lat' dir='ltr'>uui.</span> 
     </span>
     <span class='ocr_line' id='line_1_20' title="bbox 364 3009 2023 3126; baseline 0.004 -27"><span class='ocrx_word' id='word_1_173' title='bbox 364 3011 527 3099; x_wconf 82' lang='lat' dir='ltr'>versam</span> <span class='ocrx_word' id='word_1_174' title='bbox 556 3033 780 3122; x_wconf 88' lang='lat' dir='ltr'>contegere</span> <span class='ocrx_word' id='word_1_175' title='bbox 809 3011 1047 3123; x_wconf 80' lang='lat' dir='ltr'>Aegyptum</span> <span class='ocrx_word' id='word_1_176' title='bbox 1075 3009 1333 3126; x_wconf 88' lang='lat' dir='ltr'>eandemque</span> <span class='ocrx_word' id='word_1_177' title='bbox 1349 3013 1518 3096; x_wconf 86' lang='lat' dir='ltr'>Oceano</span> <span class='ocrx_word' id='word_1_178' title='bbox 1543 3009 1715 3098; x_wconf 90' lang='lat' dir='ltr'>reddere</span> <span class='ocrx_word' id='word_1_179' title='bbox 1729 3010 1916 3120; x_wconf 87' lang='lat' dir='ltr'>ssmilem,</span> <span class='ocrx_word' id='word_1_180' title='bbox 1936 3045 2023 3112; x_wconf 89' lang='lat' dir='ltr'>nun</span> 
     </span>
     <span class='ocr_line' id='line_1_21' title="bbox 369 3141 2023 3264; baseline 0.005 -32"><span class='ocrx_word' id='word_1_181' title='bbox 369 3150 506 3264; x_wconf 88' lang='lat' dir='ltr'>potuit</span> <span class='ocrx_word' id='word_1_182' title='bbox 541 3149 750 3258; x_wconf 89' lang='lat' dir='ltr'>ignorare.</span> <span class='ocrx_word' id='word_1_183' title='bbox 802 3141 999 3230; x_wconf 84' lang='lat' dir='ltr'>Similiter</span> <span class='ocrx_word' id='word_1_184' title='bbox 1014 3141 1209 3232; x_wconf 82' lang='lat' dir='ltr'>navibus</span> <span class='ocrx_word' id='word_1_185' title='bbox 1232 3167 1430 3257; x_wconf 88' lang='lat' dir='ltr'>quoque,</span> <span class='ocrx_word' id='word_1_186' title='bbox 1456 3146 1540 3226; x_wconf 89' lang='lat' dir='ltr'>iam</span> <span class='ocrx_word' id='word_1_187' title='bbox 1566 3146 1611 3226; x_wconf 90' lang='lat' dir='ltr'>in</span> <span class='ocrx_word' id='word_1_188' title='bbox 1636 3141 1767 3229; x_wconf 87' lang='lat' dir='ltr'>altum</span> <span class='ocrx_word' id='word_1_189' title='bbox 1805 3155 2023 3260; x_wconf 83' lang='lat' dir='ltr'>provectis,</span> 
     </span>
     <span class='ocr_line' id='line_1_22' title="bbox 362 3271 2022 3389; baseline 0.002 -21"><span class='ocrx_word' id='word_1_190' title='bbox 362 3275 474 3368; x_wconf 86' lang='lat' dir='ltr'>baud</span> <span class='ocrx_word' id='word_1_191' title='bbox 499 3271 783 3389; x_wconf 83' lang='lat' dir='ltr'>impedimur,</span> <span class='ocrx_word' id='word_1_192' title='bbox 811 3277 1041 3387; x_wconf 86' lang='lat' dir='ltr'>quominus</span> <span class='ocrx_word' id='word_1_193' title='bbox 1068 3274 1215 3362; x_wconf 89' lang='lat' dir='ltr'>Nilum</span> <span class='ocrx_word' id='word_1_194' title='bbox 1244 3277 1413 3388; x_wconf 89' lang='lat' dir='ltr'>potius,</span> <span class='ocrx_word' id='word_1_195' title='bbox 1437 3296 1565 3386; x_wconf 89' lang='lat' dir='ltr'>quam</span> <span class='ocrx_word' id='word_1_196' title='bbox 1595 3275 1845 3382; x_wconf 89' lang='lat' dir='ltr'>Oceanum,</span> <span class='ocrx_word' id='word_1_197' title='bbox 1874 3277 1952 3369; x_wconf 90' lang='lat' dir='ltr'>hac</span> <span class='ocrx_word' id='word_1_198' title='bbox 1976 3290 2022 3372; x_wconf 86' lang='lat' dir='ltr'>iu</span> 
     </span>
     <span class='ocr_line' id='line_1_23' title="bbox 363 3403 2023 3526; baseline 0.002 -29"><span class='ocrx_word' id='word_1_199' title='bbox 363 3435 535 3526; x_wconf 84' lang='lat' dir='ltr'>gemma</span> <span class='ocrx_word' id='word_1_200' title='bbox 571 3403 824 3492; x_wconf 88' lang='lat' dir='ltr'>arbitremur</span> <span class='ocrx_word' id='word_1_201' title='bbox 865 3405 1078 3493; x_wconf 88' lang='lat' dir='ltr'>caelatum.</span> <span class='ocrx_word' id='word_1_202' title='bbox 1150 3403 1327 3494; x_wconf 90' lang='lat' dir='ltr'>Nullum</span> <span class='ocrx_word' id='word_1_203' title='bbox 1353 3405 1501 3506; x_wconf 85' lang='lat' dir='ltr'>enim,</span> <span class='ocrx_word' id='word_1_204' title='bbox 1530 3405 1605 3491; x_wconf 84' lang='lat' dir='ltr'>nist</span> <span class='ocrx_word' id='word_1_205' title='bbox 1639 3431 1713 3519; x_wconf 89' lang='lat' dir='ltr'>per</span> <span class='ocrx_word' id='word_1_206' title='bbox 1736 3413 1916 3526; x_wconf 88' lang='lat' dir='ltr'>navigia,</span> <span class='ocrx_word' id='word_1_207' title='bbox 1943 3413 2023 3504; x_wconf 89' lang='lat' dir='ltr'>else</span> 
     </span>
     <span class='ocr_line' id='line_1_24' title="bbox 366 3534 2021 3660; baseline 0.004 -32"><span class='ocrx_word' id='word_1_208' title='bbox 366 3540 675 3628; x_wconf 87' lang='lat' dir='ltr'>commercium</span> <span class='ocrx_word' id='word_1_209' title='bbox 693 3542 949 3649; x_wconf 83' lang='lat' dir='ltr'>inAegypto,</span> <span class='ocrx_word' id='word_1_210' title='bbox 976 3564 1109 3653; x_wconf 93' lang='lat' dir='ltr'>quum</span> <span class='ocrx_word' id='word_1_211' title='bbox 1127 3554 1385 3628; x_wconf 89' lang='lat' dir='ltr'>memoratus</span> <span class='ocrx_word' id='word_1_212' title='bbox 1402 3534 1570 3640; x_wconf 84' lang='lat' dir='ltr'>fluvius,</span> <span class='ocrx_word' id='word_1_213' title='bbox 1590 3537 1711 3650; x_wconf 90' lang='lat' dir='ltr'>super</span> <span class='ocrx_word' id='word_1_214' title='bbox 1727 3544 1842 3660; x_wconf 28' lang='lat' dir='ltr'>ripas,</span> <span class='ocrx_word' id='word_1_215' title='bbox 1854 3543 2021 3651; x_wconf 85' lang='lat' dir='ltr'>effusus,</span> 
     </span>
     <span class='ocr_line' id='line_1_25' title="bbox 364 3665 2020 3784; baseline 0.004 -25"><span class='ocrx_word' id='word_1_216' title='bbox 364 3675 473 3765; x_wconf 88' lang='lat' dir='ltr'>banc</span> <span class='ocrx_word' id='word_1_217' title='bbox 497 3671 712 3781; x_wconf 86' lang='lat' dir='ltr'>regionem</span> <span class='ocrx_word' id='word_1_218' title='bbox 739 3665 975 3771; x_wconf 87' lang='lat' dir='ltr'>inundavit,</span> <span class='ocrx_word' id='word_1_219' title='bbox 1004 3676 1333 3783; x_wconf 86' lang='lat' dir='ltr'>peregrinatores</span> <span class='ocrx_word' id='word_1_220' title='bbox 1360 3673 1518 3784; x_wconf 87' lang='lat' dir='ltr'>antiqui</span> <span class='ocrx_word' id='word_1_221' title='bbox 1551 3675 1702 3784; x_wconf 87' lang='lat' dir='ltr'>paritet</span> <span class='ocrx_word' id='word_1_222' title='bbox 1737 3699 1785 3761; x_wconf 88' lang='lat' dir='ltr'>ac</span> <span class='ocrx_word' id='word_1_223' title='bbox 1815 3684 2020 3783; x_wconf 85' lang='lat' dir='ltr'>recentio-</span> 
     </span>
     <span class='ocr_line' id='line_1_26' title="bbox 362 3791 2015 3920; baseline 0.004 -26"><span class='ocrx_word' id='word_1_224' title='bbox 362 3833 432 3899; x_wconf 85' lang='lat' dir='ltr'>res</span> <span class='ocrx_word' id='word_1_225' title='bbox 449 3816 536 3890; x_wconf 80' lang='lat' dir='ltr'>tm&#39;o</span> <span class='ocrx_word' id='word_1_226' title='bbox 550 3821 626 3882; x_wconf 86' lang='lat' dir='ltr'>ore</span> <span class='ocrx_word' id='word_1_227' title='bbox 641 3791 840 3901; x_wconf 86' lang='lat' dir='ltr'>referunt,</span> <span class='ocrx_word' id='word_1_228' title='bbox 876 3816 918 3882; x_wconf 92' lang='lat' dir='ltr'>et</span> <span class='ocrx_word' id='word_1_229' title='bbox 933 3823 1000 3886; x_wconf 89' lang='lat' dir='ltr'>res</span> <span class='ocrx_word' id='word_1_230' title='bbox 1020 3799 1103 3915; x_wconf 87' lang='lat' dir='ltr'>ipsa</span> <span class='ocrx_word' id='word_1_231' title='bbox 1126 3799 1321 3914; x_wconf 89' lang='lat' dir='ltr'>loquitur.</span> <span class='ocrx_word' id='word_1_232' title='bbox 1351 3799 1540 3888; x_wconf 89' lang='lat' dir='ltr'>Eandem</span> <span class='ocrx_word' id='word_1_233' title='bbox 1553 3807 1749 3920; x_wconf 83' lang='lat' dir='ltr'>Aegypti,</span> <span class='ocrx_word' id='word_1_234' title='bbox 1771 3807 2015 3900; x_wconf 85' lang='lat' dir='ltr'>exundatio·</span> 
     </span>
     <span class='ocr_line' id='line_1_27' title="bbox 364 3929 2018 4062; baseline 0.002 -31"><span class='ocrx_word' id='word_1_235' title='bbox 364 3945 432 4030; x_wconf 87' lang='lat' dir='ltr'>nis</span> <span class='ocrx_word' id='word_1_236' title='bbox 458 3955 662 4048; x_wconf 86' lang='lat' dir='ltr'>tempore,</span> <span class='ocrx_word' id='word_1_237' title='bbox 679 3929 1018 4059; x_wconf 84' lang='lat' dir='ltr'>constitutionem</span> <span class='ocrx_word' id='word_1_238' title='bbox 1048 3934 1151 4020; x_wconf 93' lang='lat' dir='ltr'>dum</span> <span class='ocrx_word' id='word_1_239' title='bbox 1176 3961 1341 4023; x_wconf 92' lang='lat' dir='ltr'>mecum</span> <span class='ocrx_word' id='word_1_240' title='bbox 1362 3956 1533 4050; x_wconf 91' lang='lat' dir='ltr'>reputo,</span> <span class='ocrx_word' id='word_1_241' title='bbox 1559 3944 1603 4025; x_wconf 91' lang='lat' dir='ltr'>in</span> <span class='ocrx_word' id='word_1_242' title='bbox 1627 3965 1718 4028; x_wconf 90' lang='lat' dir='ltr'>eam</span> <span class='ocrx_word' id='word_1_243' title='bbox 1735 3937 1918 4030; x_wconf 89' lang='lat' dir='ltr'>adducor</span> <span class='ocrx_word' id='word_1_244' title='bbox 1928 3953 2018 4062; x_wconf 91' lang='lat' dir='ltr'>opi·</span> 
     </span>
     <span class='ocr_line' id='line_1_28' title="bbox 365 4059 2015 4181; baseline 0.004 -24"><span class='ocrx_word' id='word_1_245' title='bbox 365 4077 551 4167; x_wconf 77' lang='lat' dir='ltr'>trionem,</span> <span class='ocrx_word' id='word_1_246' title='bbox 571 4059 695 4147; x_wconf 89' lang='lat' dir='ltr'>buius</span> <span class='ocrx_word' id='word_1_247' title='bbox 717 4067 957 4176; x_wconf 87' lang='lat' dir='ltr'>provinciae</span> <span class='ocrx_word' id='word_1_248' title='bbox 978 4065 1136 4154; x_wconf 85' lang='lat' dir='ltr'>incolas</span> <span class='ocrx_word' id='word_1_249' title='bbox 1153 4072 1313 4181; x_wconf 91' lang='lat' dir='ltr'>primos</span> <span class='ocrx_word' id='word_1_250' title='bbox 1339 4065 1515 4156; x_wconf 84' lang='lat' dir='ltr'>fortailts</span> <span class='ocrx_word' id='word_1_251' title='bbox 1540 4077 1598 4158; x_wconf 90' lang='lat' dir='ltr'>rei</span> <span class='ocrx_word' id='word_1_252' title='bbox 1616 4078 1804 4160; x_wconf 86' lang='lat' dir='ltr'>nauticae</span> <span class='ocrx_word' id='word_1_253' title='bbox 1829 4073 2015 4163; x_wconf 82' lang='lat' dir='ltr'>exstitille</span> 
     </span>
     <span class='ocr_line' id='line_1_29' title="bbox 364 4189 2015 4312; baseline 0.004 -24"><span class='ocrx_word' id='word_1_254' title='bbox 364 4209 617 4294; x_wconf 84' lang='lat' dir='ltr'>inventores.</span> <span class='ocrx_word' id='word_1_255' title='bbox 650 4189 841 4279; x_wconf 86' lang='lat' dir='ltr'>Profecto</span> <span class='ocrx_word' id='word_1_256' title='bbox 867 4201 991 4300; x_wconf 91' lang='lat' dir='ltr'>enim,</span> <span class='ocrx_word' id='word_1_257' title='bbox 1030 4196 1388 4312; x_wconf 87' lang='lat' dir='ltr'>quemadmodum</span> <span class='ocrx_word' id='word_1_258' title='bbox 1415 4199 1627 4287; x_wconf 86' lang='lat' dir='ltr'>nationem</span> <span class='ocrx_word' id='word_1_259' title='bbox 1662 4201 1787 4306; x_wconf 91' lang='lat' dir='ltr'>illam,</span> <span class='ocrx_word' id='word_1_260' title='bbox 1813 4204 2015 4295; x_wconf 88' lang='lat' dir='ltr'>sollertem</span> 
     </span>
     <span class='ocr_line' id='line_1_30' title="bbox 365 4319 2051 4454; baseline 0.003 -36"><span class='ocrx_word' id='word_1_261' title='bbox 365 4354 491 4454; x_wconf 86' lang='lat' dir='ltr'>atque</span> <span class='ocrx_word' id='word_1_262' title='bbox 511 4321 772 4428; x_wconf 90' lang='lat' dir='ltr'>laboriosam,</span> <span class='ocrx_word' id='word_1_263' title='bbox 797 4319 1028 4412; x_wconf 87' lang='lat' dir='ltr'>neceffitate</span> <span class='ocrx_word' id='word_1_264' title='bbox 1054 4346 1263 4435; x_wconf 86' lang='lat' dir='ltr'>coactam,</span> <span class='ocrx_word' id='word_1_265' title='bbox 1292 4329 1566 4452; x_wconf 85' lang='lat' dir='ltr'>geometriam</span> <span class='ocrx_word' id='word_1_266' title='bbox 1587 4327 1807 4439; x_wconf 79' lang='lat' dir='ltr'>invenisse,</span> <span class='ocrx_word' id='word_1_267' title='bbox 1826 4335 2016 4424; x_wconf 79' lang='lat' dir='ltr'>universa</span> <span class='ocrx_word' id='word_1_268' title='bbox 2047 4438 2051 4444; x_wconf 44' lang='grc'><em>,</em></span> 
     </span>
     <span class='ocr_line' id='line_1_31' title="bbox 1152 4465 2018 4558; baseline 0.008 -7"><span class='ocrx_word' id='word_1_269' title='bbox 1152 4501 1154 4508; x_wconf 47' lang='lat'><strong>⁴</strong></span> <span class='ocrx_word' id='word_1_270' title='bbox 1880 4465 2018 4558; x_wconf 86' lang='lat' dir='ltr'>&#39;affir-</span> 
     </span>
    </p>
   </div>
   <div class='ocr_carea' id='block_1_7' title="bbox 374 4635 2012 4692">
    <p class='ocr_par' dir='ltr' id='par_1_7' title="bbox 374 4635 2012 4692">
     <span class='ocr_line' id='line_1_32' title="bbox 374 4635 2012 4692; baseline 0.021 -49"><span class='ocrx_word' id='word_1_271' title='bbox 374 4635 2012 4692; x_wconf 31' lang='lat' dir='ltr'>amssk-*ssum—--WQQ</span> 
     </span>
    </p>
   </div>
   <div class='ocr_carea' id='block_1_8' title="bbox 366 4719 1640 4970">
    <p class='ocr_par' dir='ltr' id='par_1_8' title="bbox 366 4719 1640 4970">
     <span class='ocr_line' id='line_1_33' title="bbox 366 4719 1640 4864; baseline -0.005 -26"><span class='ocrx_word' id='word_1_272' title='bbox 366 4773 418 4857; x_wconf 83' lang='lat' dir='ltr'>(u)</span> <span class='ocrx_word' id='word_1_273' title='bbox 441 4765 535 4839; x_wconf 79' lang='lat' dir='ltr'>iliad.</span> <span class='ocrx_word' id='word_1_274' title='bbox 550 4765 604 4832; x_wconf 85' lang='lat' dir='ltr'>lib.</span> <span class='ocrx_word' id='word_1_275' title='bbox 620 4763 707 4834; x_wconf 81' lang='lat' dir='ltr'>XXl.</span> <span class='ocrx_word' id='word_1_276' title='bbox 727 4785 758 4857; x_wconf 42' lang='grc' dir='ltr'>ν,</span> <span class='ocrx_word' id='word_1_277' title='bbox 780 4783 842 4854; x_wconf 75' lang='lat'>195.</span> <span class='ocrx_word' id='word_1_278' title='bbox 1272 4773 1395 4864; x_wconf 63' lang='lat' dir='ltr'>piram,</span> <span class='ocrx_word' id='word_1_279' title='bbox 1410 4768 1465 4841; x_wconf 85' lang='lat' dir='ltr'>lib,</span> <span class='ocrx_word' id='word_1_280' title='bbox 1481 4771 1506 4844; x_wconf 81' lang='grc' dir='ltr'>Ι,</span> <span class='ocrx_word' id='word_1_281' title='bbox 1522 4719 1597 4858; x_wconf 60' lang='lat' dir='ltr'>cap,</span> <span class='ocrx_word' id='word_1_282' title='bbox 1610 4779 1640 4848; x_wconf 84' lang='lat'>8.</span> 
     </span>
     <span class='ocr_line' id='line_1_34' title="bbox 367 4871 1175 4970; baseline -0.017 -21"><span class='ocrx_word' id='word_1_283' title='bbox 367 4884 419 4970; x_wconf 84' lang='lat' dir='ltr'>(x)</span> <span class='ocrx_word' id='word_1_284' title='bbox 443 4875 527 4946; x_wconf 85' lang='lat' dir='ltr'>Vide</span> <span class='ocrx_word' id='word_1_285' title='bbox 558 4893 636 4940; x_wconf 83' lang='lat' dir='ltr'>tout</span> <span class='ocrx_word' id='word_1_286' title='bbox 669 4891 839 4940; x_wconf 79' lang='lat' dir='ltr'>rvuottr</span> <span class='ocrx_word' id='word_1_287' title='bbox 865 4871 1030 4961; x_wconf 74' lang='lat' dir='ltr'>historiam</span> <span class='ocrx_word' id='word_1_288' title='bbox 1049 4875 1175 4946; x_wconf 68' lang='lat' dir='ltr'>Aethio.</span> 
     </span>
    </p>
   </div>
   <div class='ocr_carea' id='block_1_9' title="bbox 0 0 2256 6053">
    <p class='ocr_par' dir='ltr' id='par_1_9' title="bbox 0 0 2256 6053">
     <span class='ocr_line' id='line_1_35' title="bbox 0 0 2256 6053; baseline 0 0"><span class='ocrx_word' id='word_1_289' title='bbox 0 0 2256 6053; x_wconf 95' lang='lat' dir='ltr'> </span> 
     </span>
    </p>
   </div>
  </div>
 </body>
</html>
