4500 6058
968 501 1362 632 otono-u.

328 1169 470 1256 Partes
484 1161 754 1284 numismatum
775 1172 1025 1288 antiquarum
1043 1167 1204 1290 auerfite
1217 1167 1369 1288 saepius
1393 1163 1585 1256 instrato
1607 1165 1853 1286 dffeiliores.
1888 1169 1995 1258 Hine
2105 1250 2113 1268 ,

492 1305 602 1394 numi
629 1303 726 1392 ttae
755 1311 1021 1422 aenigmata3
1057 1336 1131 1426 quo
1157 1307 1310 1395 nomine
1338 1305 1570 1425 Aegyptiaci
1603 1305 1786 1421 inprimis
1805 1305 1902 1424 fian
1926 1329 1995 1423 ap·

422 1469 426 1476 ’
487 1435 677 1560 pellendi.
738 1439 950 1548 ltuntola,
978 1445 1023 1530 iu
1048 1443 1292 1560 numismatis
1328 1441 1450 1559 noJlri
1472 1437 1645 1560 postica,
1668 1439 1724 1526 ad
1759 1440 1866 1528 latus
1899 1439 1997 1529 dex·

340 1609 349 1620 ·
491 1597 628 1680 trum,
661 1571 895 1686 constituta,
920 1579 1120 1664 cuiusnam
1140 1571 1225 1690 fit,
1256 1577 1494 1664 interviret
1525 1575 1698 1664 eruditos
1739 1605 1816 1662 nou
1857 1601 1998 1662 eonve-

492 1711 566 1798 nit.
622 1708 899 1828 Repraesentat
922 1731 1051 1798 autem
1081 1707 1427 1814 Conobum‚deum.
1480 1713 1623 1828 ‚Quare
1649 1708 1746 1798 illud
1764 1734 1906 1795 numen
1929 1704 1997 1816 loy·
2105 1689 2113 1708 ’

494 1844 609 1932 driae
621 1841 759 1958 figura
783 1845 968 1961 Aegyptii
995 1841 1336 1948 adumbruuariut,
1350 1847 1552 1958 sententia
1577 1839 1810 1958 Abeoeptii,
1838 1836 1998 1942 Arabis,

482 1976 561 2098 sed
579 1979 814 2092 nugatoris,
849 2006 899 2068 ae
912 1977 1029 2096 fhrte
1049 1976 1099 2067 ab
1128 1977 1276 2070 Athen.
1331 1975 1523 2065 Kirchero
1551 1973 1712 2084 confidi.
1776 1977 1893 2096 ‚Quae
1914 1973 1998 2061 Sui·

495 2110 569 2200 das
592 2130 632 2198 et
667 2111 829 2226 Rufinus
862 2113 912 2202 de
946 2111 1091 2202 Cenabi
1128 2112 1327 2215 villaria,
1359 2107 1410 2196 ab
1439 2111 1559 2221 igno,
1597 2105 1878 2194 Chaldaeorum
1908 2109 1998 2212 deo,
2056 2191 2064 2206 ,

361 2337 364 2344 ,
498 2263 718 2362 reportata,
737 2244 962 2360 perbibent,
987 2247 1129 2360 merito
1140 2242 1290 2362 fabulis
1306 2261 1633 2331 annumerantur.
1671 2241 1801 2333 llum.
1835 2241 2000 2330 Stanleii

422 2413 427 2422 ·
494 2395 533 2465 et
557 2379 667 2465 Petu.
699 2376 832 2468 lurieu
849 2406 969 2470 error
992 2399 1162 2467 notatus.
1228 2373 1373 2468 Canobi
1398 2379 1544 2490 imago,
1578 2403 1631 2462 ex
1652 2373 1999 2491 steperjlitioflorum

490 2511 678 2630 opinione,
705 2531 899 2632 paratum
915 2511 973 2644 ud
992 2510 1178 2614 incendia
1196 2509 1479 2628 'exstingamda
1501 2511 1730 2598 remedium.
1783 2507 1858 2596 Sub
1885 2508 2001 2596 Cleri·

486 2640 684 2763 flianismt'
727 2645 960 2762 primordia⁴
997 2641 1252 2762 debellantem
1286 2642 1597 2763 stuperslitionem
1640 2639 1839 2760 fioffitlcire
1870 2639 2000 2753 liude-

496 2772 592 2866 leut
621 2776 841 2896 fiterificult'
880 2776 1197 2869 narratiunculis
1236 2778 1286 2867 de
1324 2781 1527 2872 noniano
1559 2777 1720 2890 fitorttm
1749 2777 1928 2890 potentia
1957 2796 1997 2864 et

495 2908 710 3000 miraculis.
768 2911 963 3015 Gemma,
989 2905 1033 3001 in
1058 2939 1138 3028 qua
1162 2909 1336 3000 Canobus
1363 2911 1499 3026 ‘ignem
1534 2907 1764 3009 conculcat,
1792 2907 1999 3027 explicato.

498 3041 697 3132 Hostium
719 3041 876 3134 calcare
908 3048 1132 3148 cervicem,
1160 3063 1315 3134 veteres
1336 3039 1517 3132 ditabant
1540 3063 1618 3158 pro
1643 3041 1764 3155 plena
1788 3045 1915 3159 potiri
1938 3049 2000 3130 vi·

496 3182 638 3268 ctorio
703 3173 889 3268 Chaldaei
918 3204 974 3266 an
1013 3179 1143 3294 ignm
1160 3151 1474 3280 ‚adoraveriul‚
1513 3174 1780 3264 addubitatur.
1837 3174 2000 3267 teotolo
2117 3241 2119 3248 -

494 3331 586 3402 trae
603 3311 758 3432 antiqui
774 3308 885 3400 haud
902 3309 1092 3400 videntur
1112 3309 1303 3431 flagrmJe
1332 3307 1512 3424 cupidine
1532 3307 1758 3425 religionem
1775 3309 1886 3426 luam
1906 3333 1999 3430 pro·

490 3443 682 3566 pagandi.
739 3449 965 3566 Canopum,
995 3441 1199 3550 Menelai,
1234 3444 1451 3564 Spartani,
1486 3441 1821 3558 gubernatorem,
1848 3445 1892 3532 in
1920 3445 1999 3533 Ae-

489 3599 613 3698 gypto
635 3577 746 3700 fatis
774 3577 1057 3700 perfunctum,
1097 3573 1188 3666 urii
1217 3577 1462 3690 homonymae
1492 3605 1631 3666 nomen
1659 3577 1839 3696 'dediffle‚
1864 3599 1903 3666 et
1921 3602 2027 3695 pro>

501 3712 572 3802 det
609 3712 679 3830 effe
711 3712 948 3813 adoratum,
993 3710 1169 3812 Graeci,
1205 3711 1282 3828 fita
1316 3708 1478 3796 adducti
1511 3713 1712 3814 vanitate,
1744 3707 2001 3827 fhbulotntor.

496 3847 698 3938 Incertum
737 3842 818 3963 est,
856 3864 992 3938 utrum
1032 3831 1263 3950 Menelaus,
1309 3845 1503 3934 Latonam
1531 3849 1747 3962 princeps,
1777 3829 2001 3960 ¹Aegyptum

496 4005 669 4102 unquam
706 3980 882 4084 adierit,
919 4005 992 4068 net
1023 4006 1085 4066 ne.
1141 3981 1310 4069 Veteres
1344 3980 1529 4093 Aegyptii
1562 3977 1800 4094 alienigenas
1831 3975 2002 4099 homiues

393 4151 398 4164 ·
489 4113 732 4238 fiammapere
765 4108 1061 4227 morabantur.
1126 4111 1244 4200 Nomi
1274 4109 1545 4216 Menelaitioi,
1578 4114 1622 4199 in
1647 4139 1720 4228 quo
1754 4106 1848 4195 aurbs
1880 4113 2021 4252 Cano·l

372 4287 379 4302 ·
446 4265 449 4270 ’
499 4241 569 4338 los
587 4240 671 4370 sita
683 4305 695 4352 ,
748 4247 949 4365 appellatio
985 4273 1011 4337 a
1041 4243 1221 4336 Menelao
1238 4259 1277 4352 ,‚'
1302 4241 1539 4350 Ptolemaei,
1583 4246 1685 4361 Lagi
1711 4241 1821 4358 filii,
1854 4241 2014 4361 fratre,

498 4399 647 4475 tracta.
701 4376 962 4500 Verostmilior
986 4376 1175 4484 Aristidis
1207 4375 1348 4468 relatio
1371 4381 1420 4472 dt
1449 4382 1600 4498 arigim
1630 4378 1804 4465 numinis
1837 4379 2001 4470 Canali-

504 4517 543 4607 ci
576 4513 789 4606 adducitur
821 4538 861 4608 et
882 4515 1121 4608 vindicatur.
1180 4505 1376 4621 Canobus,
1412 4519 1456 4604 oi
1479 4517 1605 4618 uotis,
1632 4509 1830 4630 fignificat
1855 4517 2001 4620 χρυσοῦν

500 4639 645 4744 eleon,
683 4675 860 4738 aureum
894 4647 1039 4738 solum.
1104 4635 1242 4731 Aurea
1270 4646 1462 4742 uetabant
1486 4643 1613 4763 prisci
1645 4641 1843 4746 homiues,
1880 4671 2001 4758 quae,

501 4779 546 4875 t'u
575 4777 648 4896 stet
687 4785 838 4900 genere
850 4842 865 4892 ,
909 4773 1246 4902 praestantifflmu.
1332 4777 1443 4896 Ager
1472 4775 1681 4894 Cauolitus
1717 4771 1994 4896 sertilifflmus,

1900 4909 2002 5000 tt'us·
2058 4957 2064 4974 ·

1391 5025 1426 5089 a
