<?xml version="1.0" encoding="UTF-8"?>
<!DOCTYPE html PUBLIC "-//W3C//DTD XHTML 1.0 Transitional//EN"
    "http://www.w3.org/TR/xhtml1/DTD/xhtml1-transitional.dtd">
<html xmlns="http://www.w3.org/1999/xhtml" xml:lang="en" lang="en">
 <head>
  <title>
</title>
<meta http-equiv="Content-Type" content="text/html;charset=utf-8" />
  <meta name='ocr-system' content='tesseract 3.04.00' />
  <meta name='ocr-capabilities' content='ocr_page ocr_carea ocr_par ocr_line ocrx_word'/>
</head>
<body>
  <div class='ocr_page' id='page_1' title='image "./commentatiodenu00schlgoog_0207.png"; bbox 0 0 4504 6060; ppageno 0'>
   <div class='ocr_carea' id='block_1_1' title="bbox 992 483 1387 586">
    <p class='ocr_par' dir='ltr' id='par_1_1' title="bbox 992 483 1387 586">
     <span class='ocr_line' id='line_1_1' title="bbox 992 483 1387 586; baseline 0.008 -2"><span class='ocrx_word' id='word_1_1' title='bbox 992 483 1387 586; x_wconf 58' lang='lat' dir='ltr'>iltluzslb</span> 
     </span>
    </p>
   </div>
   <div class='ocr_carea' id='block_1_2' title="bbox 269 623 2082 4203">
    <p class='ocr_par' dir='ltr' id='par_1_2' title="bbox 360 623 2059 778">
     <span class='ocr_line' id='line_1_2' title="bbox 360 623 2059 778; baseline 0.01 -55"><span class='ocrx_word' id='word_1_2' title='bbox 360 623 438 733; x_wconf 79' lang='lat' dir='ltr'>effe</span> <span class='ocrx_word' id='word_1_3' title='bbox 453 623 709 735; x_wconf 72' lang='lat' dir='ltr'>contendunt</span> <span class='ocrx_word' id='word_1_4' title='bbox 735 639 888 748; x_wconf 61' lang='lat' dir='ltr'>nequire*</span> <span class='ocrx_word' id='word_1_5' title='bbox 904 651 1057 745; x_wconf 68' lang='lat' dir='ltr'>amelec</span> <span class='ocrx_word' id='word_1_6' title='bbox 1078 645 1210 737; x_wconf 76' lang='grc' dir='ltr'><strong><em>βοίινειν·</em></strong></span> <span class='ocrx_word' id='word_1_7' title='bbox 1233 645 1461 742; x_wconf 63' lang='lat' dir='ltr'>finitionem,</span> <span class='ocrx_word' id='word_1_8' title='bbox 1479 684 1495 729; x_wconf 89' lang='grc' dir='ltr'><strong><em>ο</em></strong></span> <span class='ocrx_word' id='word_1_9' title='bbox 1510 656 1583 734; x_wconf 76' lang='grc' dir='ltr'>ἐστι</span> <span class='ocrx_word' id='word_1_10' title='bbox 1596 657 1776 747; x_wconf 69' lang='lat' dir='ltr'>meravis,</span> <span class='ocrx_word' id='word_1_11' title='bbox 1791 659 1897 778; x_wconf 80' lang='lat' dir='ltr'>quod</span> <span class='ocrx_word' id='word_1_12' title='bbox 1907 669 2007 761; x_wconf 70' lang='lat' dir='ltr'>anni</span> <span class='ocrx_word' id='word_1_13' title='bbox 2055 677 2059 692; x_wconf 86' lang='lat'><em>&#39;</em></span> 
     </span>
    </p>

    <p class='ocr_par' dir='ltr' id='par_1_3' title="bbox 269 774 2012 1700">
     <span class='ocr_line' id='line_1_3' title="bbox 269 774 2006 902; baseline 0.012 -36"><span class='ocrx_word' id='word_1_14' title='bbox 269 837 275 844; x_wconf 89' lang='lat'><em>-</em></span> <span class='ocrx_word' id='word_1_15' title='bbox 361 798 511 896; x_wconf 83' lang='lat' dir='ltr'>tempus</span> <span class='ocrx_word' id='word_1_16' title='bbox 533 783 651 867; x_wconf 79' lang='lat' dir='ltr'>tacite</span> <span class='ocrx_word' id='word_1_17' title='bbox 674 797 712 864; x_wconf 85' lang='lat' dir='ltr'>et</span> <span class='ocrx_word' id='word_1_18' title='bbox 736 774 909 866; x_wconf 75' lang='lat' dir='ltr'>latenter·</span> <span class='ocrx_word' id='word_1_19' title='bbox 928 800 1179 894; x_wconf 80' lang='lat' dir='ltr'>praetereat,</span> <span class='ocrx_word' id='word_1_20' title='bbox 1210 809 1338 898; x_wconf 84' lang='lat' dir='ltr'>eaque</span> <span class='ocrx_word' id='word_1_21' title='bbox 1359 806 1571 900; x_wconf 82' lang='lat' dir='ltr'>proptera</span> <span class='ocrx_word' id='word_1_22' title='bbox 1598 785 1846 902; x_wconf 86' lang='lat' dir='ltr'>quibusdam</span> <span class='ocrx_word' id='word_1_23' title='bbox 1881 803 2006 886; x_wconf 87' lang='lat' dir='ltr'>etiam</span> 
     </span>
     <span class='ocr_line' id='line_1_4' title="bbox 365 906 2007 1037; baseline 0.016 -45"><span class='ocrx_word' id='word_1_24' title='bbox 365 927 538 1027; x_wconf 51' lang='lat' dir='ltr'>impe,</span> <span class='ocrx_word' id='word_1_25' title='bbox 557 906 685 995; x_wconf 90' lang='lat' dir='ltr'>scribi.</span> <span class='ocrx_word' id='word_1_26' title='bbox 695 913 890 1023; x_wconf 86' lang='lat' dir='ltr'>inprimis</span> <span class='ocrx_word' id='word_1_27' title='bbox 902 909 1076 1004; x_wconf 86' lang='lat' dir='ltr'>ridicula</span> <span class='ocrx_word' id='word_1_28' title='bbox 1094 909 1150 996; x_wconf 94' lang='lat' dir='ltr'>est</span> <span class='ocrx_word' id='word_1_29' title='bbox 1165 911 1379 1019; x_wconf 82' lang='lat' dir='ltr'>derivatio,</span> <span class='ocrx_word' id='word_1_30' title='bbox 1389 921 1507 1004; x_wconf 90' lang='lat' dir='ltr'>cuius</span> <span class='ocrx_word' id='word_1_31' title='bbox 1532 939 1797 1012; x_wconf 73' lang='lat' dir='ltr'>uvsrtr&#39;mvs</span> <span class='ocrx_word' id='word_1_32' title='bbox 1830 933 1896 1037; x_wconf 88' lang='lat' dir='ltr'>(u)</span> <span class='ocrx_word' id='word_1_33' title='bbox 1920 957 2007 1018; x_wconf 91' lang='lat' dir='ltr'>me·</span> 
     </span>
     <span class='ocr_line' id='line_1_5' title="bbox 364 1037 2006 1186; baseline 0.012 -52"><span class='ocrx_word' id='word_1_34' title='bbox 364 1037 748 1150; x_wconf 66' lang='lat' dir='ltr'>illinit-seeundum</span> <span class='ocrx_word' id='word_1_35' title='bbox 764 1065 892 1156; x_wconf 83' lang='lat' dir='ltr'>quam</span> <span class='ocrx_word' id='word_1_36' title='bbox 913 1043 1285 1174; x_wconf 78' lang='lat' dir='ltr'>annusappellatps</span> <span class='ocrx_word' id='word_1_37' title='bbox 1302 1043 1360 1130; x_wconf 89' lang='lat' dir='ltr'>est</span> <span class='ocrx_word' id='word_1_38' title='bbox 1385 1043 1554 1136; x_wconf 63' lang='lat' dir='ltr'>lemtim</span> <span class='ocrx_word' id='word_1_39' title='bbox 1575 1048 1651 1129; x_wconf 69' lang='lat' dir='ltr'>dei</span> <span class='ocrx_word' id='word_1_40' title='bbox 1672 1055 1734 1132; x_wconf 75' lang='lat' dir='ltr'>eoi</span> <span class='ocrx_word' id='word_1_41' title='bbox 1758 1055 1856 1148; x_wconf 70' lang='lat' dir='ltr'>alea,</span> <span class='ocrx_word' id='word_1_42' title='bbox 1882 1060 2006 1186; x_wconf 86' lang='lat' dir='ltr'>idest,</span> 
     </span>
     <span class='ocr_line' id='line_1_6' title="bbox 368 1170 2009 1298; baseline 0.016 -41"><span class='ocrx_word' id='word_1_43' title='bbox 368 1170 624 1298; x_wconf 71' lang='lat' dir='ltr'>lup03q110d2</span> <span class='ocrx_word' id='word_1_44' title='bbox 651 1171 1011 1287; x_wconf 83' lang='lat' dir='ltr'>quemadmodum</span> <span class='ocrx_word' id='word_1_45' title='bbox 1040 1176 1138 1290; x_wconf 90' lang='lat' dir='ltr'>lupi,</span> <span class='ocrx_word' id='word_1_46' title='bbox 1155 1196 1200 1264; x_wconf 93' lang='lat' dir='ltr'>ut</span> <span class='ocrx_word' id='word_1_47' title='bbox 1225 1176 1441 1293; x_wconf 89' lang='lat' dir='ltr'>perhibent</span> <span class='ocrx_word' id='word_1_48' title='bbox 1468 1178 1562 1294; x_wconf 80' lang='lat' dir='ltr'>(x),</span> <span class='ocrx_word' id='word_1_49' title='bbox 1587 1206 1721 1296; x_wconf 91' lang='lat' dir='ltr'>quum</span> <span class='ocrx_word' id='word_1_50' title='bbox 1743 1185 1902 1280; x_wconf 84' lang='lat' dir='ltr'>flumen</span> <span class='ocrx_word' id='word_1_51' title='bbox 1924 1215 2009 1282; x_wconf 86' lang='lat' dir='ltr'>tra·</span> 
     </span>
     <span class='ocr_line' id='line_1_7' title="bbox 365 1301 2007 1432; baseline 0.007 -28"><span class='ocrx_word' id='word_1_52' title='bbox 365 1319 511 1404; x_wconf 89' lang='lat' dir='ltr'>iiciunt</span> <span class='ocrx_word' id='word_1_53' title='bbox 533 1301 741 1420; x_wconf 86' lang='lat' dir='ltr'>rapidum,</span> <span class='ocrx_word' id='word_1_54' title='bbox 769 1311 944 1424; x_wconf 70' lang='lat' dir='ltr'>quisque</span> <span class='ocrx_word' id='word_1_55' title='bbox 965 1309 1143 1398; x_wconf 84' lang='lat' dir='ltr'>caudam</span> <span class='ocrx_word' id='word_1_56' title='bbox 1167 1318 1359 1424; x_wconf 88' lang='lat' dir='ltr'>proxime</span> <span class='ocrx_word' id='word_1_57' title='bbox 1385 1311 1667 1426; x_wconf 84' lang='lat' dir='ltr'>praecedentis</span> <span class='ocrx_word' id='word_1_58' title='bbox 1695 1323 1840 1432; x_wconf 83' lang='lat' dir='ltr'>arripit</span> <span class='ocrx_word' id='word_1_59' title='bbox 1855 1326 2007 1415; x_wconf 90' lang='lat' dir='ltr'>mordi-</span> 
     </span>
     <span class='ocr_line' id='line_1_8' title="bbox 366 1438 2012 1562; baseline 0.016 -43"><span class='ocrx_word' id='word_1_60' title='bbox 366 1467 522 1562; x_wconf 73' lang='lat' dir='ltr'>cusque</span> <span class='ocrx_word' id='word_1_61' title='bbox 545 1454 688 1532; x_wconf 83' lang='lat' dir='ltr'>tenet:</span> <span class='ocrx_word' id='word_1_62' title='bbox 713 1439 771 1522; x_wconf 89' lang='lat' dir='ltr'>ita</span> <span class='ocrx_word' id='word_1_63' title='bbox 790 1441 918 1524; x_wconf 88' lang='lat' dir='ltr'>etiam</span> <span class='ocrx_word' id='word_1_64' title='bbox 943 1442 1046 1524; x_wconf 86' lang='lat' dir='ltr'>anni</span> <span class='ocrx_word' id='word_1_65' title='bbox 1072 1438 1171 1544; x_wconf 88' lang='lat' dir='ltr'>dies,</span> <span class='ocrx_word' id='word_1_66' title='bbox 1195 1441 1294 1527; x_wconf 88' lang='lat' dir='ltr'>serie</span> <span class='ocrx_word' id='word_1_67' title='bbox 1327 1439 1438 1528; x_wconf 86' lang='lat' dir='ltr'>haud</span> <span class='ocrx_word' id='word_1_68' title='bbox 1471 1446 1698 1558; x_wconf 87' lang='lat' dir='ltr'>interrupta</span> <span class='ocrx_word' id='word_1_69' title='bbox 1730 1447 2012 1562; x_wconf 83' lang='lat' dir='ltr'>cohaerentes,</span> 
     </span>
     <span class='ocr_line' id='line_1_9' title="bbox 366 1543 2010 1700; baseline 0.011 -39"><span class='ocrx_word' id='word_1_70' title='bbox 366 1543 577 1670; x_wconf 62' lang='lat' dir='ltr'>labuntur,</span> <span class='ocrx_word' id='word_1_71' title='bbox 635 1571 748 1658; x_wconf 85' lang='lat' dir='ltr'>Cum</span> <span class='ocrx_word' id='word_1_72' title='bbox 767 1563 912 1654; x_wconf 71' lang='lat' dir='ltr'>autem</span> <span class='ocrx_word' id='word_1_73' title='bbox 937 1569 1101 1684; x_wconf 82' lang='lat' dir='ltr'>semper</span> <span class='ocrx_word' id='word_1_74' title='bbox 1133 1566 1309 1660; x_wconf 78' lang='lat' dir='ltr'>fortaffis</span> <span class='ocrx_word' id='word_1_75' title='bbox 1343 1571 1415 1661; x_wconf 90' lang='lat' dir='ltr'>sub</span> <span class='ocrx_word' id='word_1_76' title='bbox 1437 1569 1571 1662; x_wconf 91' lang='lat' dir='ltr'>iudice</span> <span class='ocrx_word' id='word_1_77' title='bbox 1593 1575 1643 1664; x_wconf 87' lang='lat' dir='ltr'>lis</span> <span class='ocrx_word' id='word_1_78' title='bbox 1670 1584 1772 1684; x_wconf 91' lang='lat' dir='ltr'>erit,</span> <span class='ocrx_word' id='word_1_79' title='bbox 1802 1589 2010 1700; x_wconf 79' lang='lat' dir='ltr'>quaenatn‘</span> 
     </span>
    </p>

    <p class='ocr_par' dir='ltr' id='par_1_4' title="bbox 283 1683 2082 2496">
     <span class='ocr_line' id='line_1_10' title="bbox 283 1683 2010 1834; baseline 0.009 -41"><span class='ocrx_word' id='word_1_80' title='bbox 283 1683 284 1688; x_wconf 8' lang='grc' dir='ltr'><strong><em>Ν</em></strong></span> <span class='ocrx_word' id='word_1_81' title='bbox 367 1705 534 1799; x_wconf 83' lang='lat' dir='ltr'>harum·¹</span> <span class='ocrx_word' id='word_1_82' title='bbox 547 1698 900 1822; x_wconf 71' lang='lat' dir='ltr'>etymologiarum</span> <span class='ocrx_word' id='word_1_83' title='bbox 928 1698 980 1785; x_wconf 88' lang='lat' dir='ltr'>ad</span> <span class='ocrx_word' id='word_1_84' title='bbox 996 1707 1216 1816; x_wconf 71' lang='lat' dir='ltr'>ueritatem</span> <span class='ocrx_word' id='word_1_85' title='bbox 1244 1705 1292 1824; x_wconf 80' lang='lat' dir='ltr'>sit</span> <span class='ocrx_word' id='word_1_86' title='bbox 1310 1705 1552 1820; x_wconf 78' lang='lat' dir='ltr'>propensior</span> <span class='ocrx_word' id='word_1_87' title='bbox 1575 1733 1587 1807; x_wconf 85' lang='lat'>3</span> <span class='ocrx_word' id='word_1_88' title='bbox 1631 1697 1722 1795; x_wconf 90' lang='lat' dir='ltr'>turn</span> <span class='ocrx_word' id='word_1_89' title='bbox 1755 1711 1838 1816; x_wconf 86' lang='lat' dir='ltr'>illi,</span> <span class='ocrx_word' id='word_1_90' title='bbox 1861 1725 1933 1834; x_wconf 90' lang='lat' dir='ltr'>qui</span> <span class='ocrx_word' id='word_1_91' title='bbox 1959 1747 2010 1810; x_wconf 88' lang='lat' dir='ltr'>ex</span> 
     </span>
     <span class='ocr_line' id='line_1_11' title="bbox 365 1813 2006 1971; baseline 0.013 -57"><span class='ocrx_word' id='word_1_92' title='bbox 365 1829 536 1926; x_wconf 60' lang='lat' dir='ltr'>amedee</span> <span class='ocrx_word' id='word_1_93' title='bbox 559 1833 730 1944; x_wconf 87' lang='lat' dir='ltr'>petitam</span> <span class='ocrx_word' id='word_1_94' title='bbox 747 1813 824 1913; x_wconf 74' lang='lat' dir='ltr'>elii</span> <span class='ocrx_word' id='word_1_95' title='bbox 853 1827 1018 1916; x_wconf 89' lang='lat' dir='ltr'>censent</span> <span class='ocrx_word' id='word_1_96' title='bbox 1039 1831 1238 1944; x_wconf 85' lang='lat' dir='ltr'>fignatam</span> <span class='ocrx_word' id='word_1_97' title='bbox 1264 1839 1308 1920; x_wconf 94' lang='lat' dir='ltr'>in</span> <span class='ocrx_word' id='word_1_98' title='bbox 1342 1861 1434 1922; x_wconf 90' lang='lat' dir='ltr'>aere</span> <span class='ocrx_word' id='word_1_99' title='bbox 1463 1837 1716 1954; x_wconf 81' lang='lat' dir='ltr'>Aegyptiam</span> <span class='ocrx_word' id='word_1_100' title='bbox 1748 1842 1923 1934; x_wconf 83' lang='lat' dir='ltr'>litteram</span> <span class='ocrx_word' id='word_1_101' title='bbox 1955 1853 2006 1971; x_wconf 85' lang='lat' dir='ltr'>L,</span> 
     </span>
     <span class='ocr_line' id='line_1_12' title="bbox 365 1955 2007 2082; baseline 0.013 -38"><span class='ocrx_word' id='word_1_102' title='bbox 365 1983 453 2065; x_wconf 85' lang='lat' dir='ltr'>non</span> <span class='ocrx_word' id='word_1_103' title='bbox 467 1955 824 2063; x_wconf 86' lang='lat' dir='ltr'>animadvertunt,</span> <span class='ocrx_word' id='word_1_104' title='bbox 855 1957 987 2047; x_wconf 81' lang='lat' dir='ltr'>adesse</span> <span class='ocrx_word' id='word_1_105' title='bbox 1010 1961 1155 2066; x_wconf 87' lang='lat' dir='ltr'>multa,</span> <span class='ocrx_word' id='word_1_106' title='bbox 1184 1961 1335 2078; x_wconf 86' lang='lat' dir='ltr'>quibus</span> <span class='ocrx_word' id='word_1_107' title='bbox 1360 1969 1544 2082; x_wconf 87' lang='lat' dir='ltr'>ipsorum</span> <span class='ocrx_word' id='word_1_108' title='bbox 1578 1967 1771 2075; x_wconf 79' lang='lat' dir='ltr'>sementia</span> <span class='ocrx_word' id='word_1_109' title='bbox 1805 1977 1848 2062; x_wconf 79' lang='lat' dir='ltr'>st</span> <span class='ocrx_word' id='word_1_110' title='bbox 1865 1986 2007 2068; x_wconf 85' lang='lat' dir='ltr'>minus</span> 
     </span>
     <span class='ocr_line' id='line_1_13' title="bbox 366 2087 2082 2234; baseline 0.018 -60"><span class='ocrx_word' id='word_1_111' title='bbox 366 2087 594 2194; x_wconf 72' lang='lat' dir='ltr'>refellatur,</span> <span class='ocrx_word' id='word_1_112' title='bbox 628 2110 742 2177; x_wconf 88' lang='lat' dir='ltr'>certe</span> <span class='ocrx_word' id='word_1_113' title='bbox 771 2087 898 2178; x_wconf 85' lang='lat' dir='ltr'>dubia</span> <span class='ocrx_word' id='word_1_114' title='bbox 920 2091 1117 2182; x_wconf 82' lang='lat' dir='ltr'>reddatur</span> <span class='ocrx_word' id='word_1_115' title='bbox 1134 2115 1257 2210; x_wconf 89' lang='lat' dir='ltr'>atque</span> <span class='ocrx_word' id='word_1_116' title='bbox 1281 2095 1575 2212; x_wconf 89' lang='lat' dir='ltr'>improbabilis.</span> <span class='ocrx_word' id='word_1_117' title='bbox 1623 2103 1749 2191; x_wconf 89' lang='lat' dir='ltr'>Recte</span> <span class='ocrx_word' id='word_1_118' title='bbox 1782 2116 1894 2196; x_wconf 91' lang='lat' dir='ltr'>enim</span> <span class='ocrx_word' id='word_1_119' title='bbox 1923 2092 2008 2204; x_wconf 83' lang='lat' dir='ltr'>iam</span> <span class='ocrx_word' id='word_1_120' title='bbox 2079 2228 2082 2234; x_wconf 19' lang='grc' dir='ltr'>Ι</span> 
     </span>
     <span class='ocr_line' id='line_1_14' title="bbox 366 2222 2010 2352; baseline 0.017 -46"><span class='ocrx_word' id='word_1_121' title='bbox 366 2227 534 2310; x_wconf 88' lang='lat' dir='ltr'>monuit</span> <span class='ocrx_word' id='word_1_122' title='bbox 558 2247 694 2323; x_wconf 74' lang='lat' dir='ltr'>uruit,</span> <span class='ocrx_word' id='word_1_123' title='bbox 712 2222 917 2326; x_wconf 70' lang='lat' dir='ltr'>normes</span> <span class='ocrx_word' id='word_1_124' title='bbox 931 2232 1033 2335; x_wconf 67' lang='lat' dir='ltr'>*trie</span> <span class='ocrx_word' id='word_1_125' title='bbox 1058 2227 1101 2315; x_wconf 88' lang='lat' dir='ltr'>Si</span> <span class='ocrx_word' id='word_1_126' title='bbox 1123 2222 1338 2315; x_wconf 65' lang='lat' dir='ltr'>nunidem</span> <span class='ocrx_word' id='word_1_127' title='bbox 1362 2225 1782 2352; x_wconf 79' lang='lat' dir='ltr'>defignare&#39;voluiffent</span> <span class='ocrx_word' id='word_1_128' title='bbox 1801 2247 2010 2352; x_wconf 82' lang='lat' dir='ltr'>monetarii</span> 
     </span>
     <span class='ocr_line' id='line_1_15' title="bbox 365 2351 2006 2496; baseline 0.012 -50"><span class='ocrx_word' id='word_1_129' title='bbox 365 2355 504 2446; x_wconf 83' lang='lat' dir='ltr'>littera</span> <span class='ocrx_word' id='word_1_130' title='bbox 512 2360 568 2461; x_wconf 90' lang='lat' dir='ltr'>L,</span> <span class='ocrx_word' id='word_1_131' title='bbox 577 2384 655 2446; x_wconf 81' lang='lat' dir='ltr'>‚tur</span> <span class='ocrx_word' id='word_1_132' title='bbox 666 2384 749 2444; x_wconf 68' lang='lat' dir='ltr'>,non</span> <span class='ocrx_word' id='word_1_133' title='bbox 763 2353 912 2444; x_wconf 71' lang='lat' dir='ltr'>initiale·</span> <span class='ocrx_word' id='word_1_134' title='bbox 924 2351 1068 2447; x_wconf 72' lang='lat' dir='ltr'>,littera</span> <span class='ocrx_word' id='word_1_135' title='bbox 1085 2371 1118 2438; x_wconf 84' lang='lat' dir='ltr'>A</span> <span class='ocrx_word' id='word_1_136' title='bbox 1135 2355 1371 2480; x_wconf 75' lang='lat' dir='ltr'>ufifuiffent,</span> <span class='ocrx_word' id='word_1_137' title='bbox 1383 2353 1587 2478; x_wconf 65' lang='lat' dir='ltr'>firdpo&#39;tius</span> <span class='ocrx_word' id='word_1_138' title='bbox 1603 2368 1653 2466; x_wconf 88' lang='lat' dir='ltr'>L,</span> <span class='ocrx_word' id='word_1_139' title='bbox 1666 2362 1804 2456; x_wconf 82' lang='lat' dir='ltr'>littera</span> <span class='ocrx_word' id='word_1_140' title='bbox 1818 2373 1867 2459; x_wconf 85' lang='lat' dir='ltr'>ab</span> <span class='ocrx_word' id='word_1_141' title='bbox 1887 2379 2006 2496; x_wconf 70' lang='lat' dir='ltr'>omni·</span> 
     </span>
    </p>

    <p class='ocr_par' dir='ltr' id='par_1_5' title="bbox 327 2487 2056 4203">
     <span class='ocr_line' id='line_1_16' title="bbox 327 2487 2007 2623; baseline 0.011 -46"><span class='ocrx_word' id='word_1_142' title='bbox 327 2525 331 2532; x_wconf 70' lang='grc'><strong>’</strong></span> <span class='ocrx_word' id='word_1_143' title='bbox 364 2490 433 2578; x_wconf 80' lang='lat' dir='ltr'>bes</span> <span class='ocrx_word' id='word_1_144' title='bbox 442 2487 606 2584; x_wconf 79' lang='lat' dir='ltr'>Graccis</span> <span class='ocrx_word' id='word_1_145' title='bbox 621 2489 701 2573; x_wconf 87' lang='lat' dir='ltr'>iam</span> <span class='ocrx_word' id='word_1_146' title='bbox 719 2488 789 2572; x_wconf 81' lang='lat' dir='ltr'>diu</span> <span class='ocrx_word' id='word_1_147' title='bbox 805 2491 1144 2604; x_wconf 66' lang='lat' dir='ltr'>antiquatmtuius</span> <span class='ocrx_word' id='word_1_148' title='bbox 1159 2495 1232 2580; x_wconf 87' lang='lat' dir='ltr'>vix</span> <span class='ocrx_word' id='word_1_149' title='bbox 1244 2523 1362 2581; x_wconf 85' lang='lat' dir='ltr'>unum</span> <span class='ocrx_word' id='word_1_150' title='bbox 1377 2515 1416 2581; x_wconf 85' lang='lat' dir='ltr'>et</span> <span class='ocrx_word' id='word_1_151' title='bbox 1431 2491 1600 2581; x_wconf 81' lang='lat' dir='ltr'>alterum</span> <span class='ocrx_word' id='word_1_152' title='bbox 1612 2519 1766 2587; x_wconf 84' lang='lat' dir='ltr'>tentum</span> <span class='ocrx_word' id='word_1_153' title='bbox 1780 2507 2007 2623; x_wconf 80' lang='lat' dir='ltr'>exemplum,</span> 
     </span>
     <span class='ocr_line' id='line_1_17' title="bbox 364 2613 2007 2743; baseline 0 -32"><span class='ocrx_word' id='word_1_154' title='bbox 364 2625 408 2711; x_wconf 82' lang='lat' dir='ltr'>in</span> <span class='ocrx_word' id='word_1_155' title='bbox 416 2638 478 2706; x_wconf 83' lang='lat' dir='ltr'>tot</span> <span class='ocrx_word' id='word_1_156' title='bbox 486 2613 798 2733; x_wconf 80' lang='lat' dir='ltr'>inscriptionibus</span> <span class='ocrx_word' id='word_1_157' title='bbox 817 2618 995 2722; x_wconf 78' lang='lat' dir='ltr'>Graecis,</span> <span class='ocrx_word' id='word_1_158' title='bbox 1011 2619 1195 2709; x_wconf 78' lang='lat' dir='ltr'>hactenus</span> <span class='ocrx_word' id='word_1_159' title='bbox 1210 2625 1413 2714; x_wconf 81' lang='lat' dir='ltr'>uidimus?</span> <span class='ocrx_word' id='word_1_160' title='bbox 1428 2626 1607 2732; x_wconf 87' lang='lat' dir='ltr'>Accedit,</span> <span class='ocrx_word' id='word_1_161' title='bbox 1624 2633 1738 2743; x_wconf 91' lang='lat' dir='ltr'>quod</span> <span class='ocrx_word' id='word_1_162' title='bbox 1766 2633 1930 2724; x_wconf 65' lang='grc' dir='ltr'>λυκάβως</span> <span class='ocrx_word' id='word_1_163' title='bbox 1947 2643 2007 2731; x_wconf 70' lang='lat' dir='ltr'>di.</span> 
     </span>
     <span class='ocr_line' id='line_1_18' title="bbox 362 2743 2009 2860; baseline 0.014 -23"><span class='ocrx_word' id='word_1_164' title='bbox 362 2756 448 2845; x_wconf 79' lang='lat' dir='ltr'>ctio</span> <span class='ocrx_word' id='word_1_165' title='bbox 461 2747 521 2834; x_wconf 78' lang='lat' dir='ltr'>‚est</span> <span class='ocrx_word' id='word_1_166' title='bbox 535 2743 675 2836; x_wconf 85' lang='lat' dir='ltr'>minus</span> <span class='ocrx_word' id='word_1_167' title='bbox 692 2745 834 2831; x_wconf 83' lang='lat' dir='ltr'>utitata</span> <span class='ocrx_word' id='word_1_168' title='bbox 844 2751 984 2859; x_wconf 72' lang='lat' dir='ltr'>atque,</span> <span class='ocrx_word' id='word_1_169' title='bbox 1003 2748 1117 2858; x_wconf 92' lang='lat' dir='ltr'>quod</span> <span class='ocrx_word' id='word_1_170' title='bbox 1148 2773 1489 2839; x_wconf 76' lang='lat' dir='ltr'>Aurunrruont</span> <span class='ocrx_word' id='word_1_171' title='bbox 1522 2752 1582 2860; x_wconf 91' lang='lat' dir='ltr'>(z)</span> <span class='ocrx_word' id='word_1_172' title='bbox 1608 2762 1807 2850; x_wconf 87' lang='lat' dir='ltr'>novimus</span> <span class='ocrx_word' id='word_1_173' title='bbox 1831 2769 2009 2859; x_wconf 89' lang='lat' dir='ltr'>testimo-</span> 
     </span>
     <span class='ocr_line' id='line_1_19' title="bbox 363 2871 2008 3004; baseline 0.019 -47"><span class='ocrx_word' id='word_1_174' title='bbox 363 2887 461 2979; x_wconf 73' lang='lat' dir='ltr'>nio,</span> <span class='ocrx_word' id='word_1_175' title='bbox 483 2879 658 3004; x_wconf 60' lang='lat' dir='ltr'>poetica,</span> <span class='ocrx_word' id='word_1_176' title='bbox 671 2899 725 2958; x_wconf 83' lang='lat' dir='ltr'>ac</span> <span class='ocrx_word' id='word_1_177' title='bbox 737 2871 914 2986; x_wconf 88' lang='lat' dir='ltr'>proinde</span> <span class='ocrx_word' id='word_1_178' title='bbox 928 2871 1050 2995; x_wconf 68' lang='lat' dir='ltr'>,altili</span> <span class='ocrx_word' id='word_1_179' title='bbox 1062 2877 1261 2992; x_wconf 82' lang='lat' dir='ltr'>tenuitate</span> <span class='ocrx_word' id='word_1_180' title='bbox 1277 2905 1418 2992; x_wconf 88' lang='lat' dir='ltr'>,quam</span> <span class='ocrx_word' id='word_1_181' title='bbox 1454 2885 1497 2964; x_wconf 92' lang='lat' dir='ltr'>in</span> <span class='ocrx_word' id='word_1_182' title='bbox 1521 2891 1661 2974; x_wconf 83' lang='lat' dir='ltr'>nutnis</span> <span class='ocrx_word' id='word_1_183' title='bbox 1685 2887 1851 2982; x_wconf 88' lang='lat' dir='ltr'>sollicite</span> <span class='ocrx_word' id='word_1_184' title='bbox 1878 2902 2008 2994; x_wconf 87' lang='lat' dir='ltr'>serva·</span> 
     </span>
     <span class='ocr_line' id='line_1_20' title="bbox 362 2985 2008 3143; baseline 0.019 -49"><span class='ocrx_word' id='word_1_185' title='bbox 362 2985 464 3102; x_wconf 86' lang='lat' dir='ltr'>runt</span> <span class='ocrx_word' id='word_1_186' title='bbox 479 2999 648 3116; x_wconf 79' lang='lat' dir='ltr'>veteres,</span> <span class='ocrx_word' id='word_1_187' title='bbox 664 3001 801 3090; x_wconf 83' lang='lat' dir='ltr'>aliena</span> <span class='ocrx_word' id='word_1_188' title='bbox 867 3007 989 3112; x_wconf 77' lang='lat' dir='ltr'>Qae</span> <span class='ocrx_word' id='word_1_189' title='bbox 1011 3031 1148 3124; x_wconf 76' lang='lat' dir='ltr'>quum</span> <span class='ocrx_word' id='word_1_190' title='bbox 1169 3012 1230 3096; x_wconf 88' lang='lat' dir='ltr'>ita</span> <span class='ocrx_word' id='word_1_191' title='bbox 1249 3009 1361 3098; x_wconf 77' lang='lat' dir='ltr'>sint:</span> <span class='ocrx_word' id='word_1_192' title='bbox 1396 3009 1501 3099; x_wconf 88' lang='lat' dir='ltr'>hanc</span> <span class='ocrx_word' id='word_1_193' title='bbox 1526 3041 1694 3132; x_wconf 91' lang='lat' dir='ltr'>quoque</span> <span class='ocrx_word' id='word_1_194' title='bbox 1718 3027 2008 3143; x_wconf 81' lang='lat' dir='ltr'>improbamus</span> 
     </span>
     <span class='ocr_line' id='line_1_21' title="bbox 360 3119 2005 3280; baseline 0.019 -53"><span class='ocrx_word' id='word_1_195' title='bbox 360 3141 617 3238; x_wconf 84' lang='lat' dir='ltr'>sententiam,</span> <span class='ocrx_word' id='word_1_196' title='bbox 643 3119 735 3219; x_wconf 83' lang='lat' dir='ltr'>toto</span> <span class='ocrx_word' id='word_1_197' title='bbox 753 3135 885 3248; x_wconf 88' lang='lat' dir='ltr'>&#39;capite</span> <span class='ocrx_word' id='word_1_198' title='bbox 900 3143 1101 3224; x_wconf 84' lang='lat' dir='ltr'>annuturi</span> <span class='ocrx_word' id='word_1_199' title='bbox 1121 3139 1254 3227; x_wconf 89' lang='lat' dir='ltr'>modo</span> <span class='ocrx_word' id='word_1_200' title='bbox 1273 3166 1613 3234; x_wconf 88' lang='lat' dir='ltr'>commemorato</span> <span class='ocrx_word' id='word_1_201' title='bbox 1627 3147 1752 3240; x_wconf 90' lang='lat' dir='ltr'>docto</span> <span class='ocrx_word' id='word_1_202' title='bbox 1766 3187 2005 3280; x_wconf 85' lang='lat' dir='ltr'>purpurato,</span> 
     </span>
     <span class='ocr_line' id='line_1_22' title="bbox 363 3263 2006 3418; baseline 0.016 -65"><span class='ocrx_word' id='word_1_203' title='bbox 363 3268 592 3374; x_wconf 79' lang='lat' dir='ltr'>arbitranti,</span> <span class='ocrx_word' id='word_1_204' title='bbox 615 3295 645 3358; x_wconf 78' lang='lat' dir='ltr'>,u</span> <span class='ocrx_word' id='word_1_205' title='bbox 656 3263 969 3385; x_wconf 71' lang='lat' dir='ltr'>compendiatim</span> <span class='ocrx_word' id='word_1_206' title='bbox 992 3273 1124 3383; x_wconf 84' lang='lat' dir='ltr'>potius</span> <span class='ocrx_word' id='word_1_207' title='bbox 1144 3293 1271 3378; x_wconf 83' lang='lat' dir='ltr'>uotae,</span> <span class='ocrx_word' id='word_1_208' title='bbox 1295 3273 1629 3393; x_wconf 78' lang='lat' dir='ltr'>apudAegyptios</span> <span class='ocrx_word' id='word_1_209' title='bbox 1657 3281 1845 3405; x_wconf 64' lang='lat' dir='ltr'>aptatae,</span> <span class='ocrx_word' id='word_1_210' title='bbox 1890 3305 2006 3418; x_wconf 77' lang='lat' dir='ltr'>quam</span> 
     </span>
     <span class='ocr_line' id='line_1_23' title="bbox 360 3395 2006 3523; baseline 0.018 -27"><span class='ocrx_word' id='word_1_211' title='bbox 360 3403 576 3520; x_wconf 77' lang='lat' dir='ltr'>eteiuspiam</span> <span class='ocrx_word' id='word_1_212' title='bbox 599 3395 757 3486; x_wconf 73' lang='lat' dir='ltr'>litterae</span> <span class='ocrx_word' id='word_1_213' title='bbox 786 3402 982 3486; x_wconf 83' lang='lat' dir='ltr'>rationem</span> <span class='ocrx_word' id='word_1_214' title='bbox 1004 3399 1153 3492; x_wconf 72' lang='lat' dir='ltr'>habere</span> <span class='ocrx_word' id='word_1_215' title='bbox 1168 3437 1184 3520; x_wconf 65' lang='grc' dir='ltr'><em>ς</em></span> <span class='ocrx_word' id='word_1_216' title='bbox 1217 3407 1293 3492; x_wconf 84' lang='lat' dir='ltr'>nist</span> <span class='ocrx_word' id='word_1_217' title='bbox 1325 3429 1366 3492; x_wconf 91' lang='lat' dir='ltr'>et</span> <span class='ocrx_word' id='word_1_218' title='bbox 1400 3403 1500 3495; x_wconf 91' lang='lat' dir='ltr'>haec</span> <span class='ocrx_word' id='word_1_219' title='bbox 1526 3418 1761 3510; x_wconf 87' lang='lat' dir='ltr'>coniectura</span> <span class='ocrx_word' id='word_1_220' title='bbox 1778 3429 1912 3520; x_wconf 84' lang='lat' dir='ltr'>&#39;rebus</span> <span class='ocrx_word' id='word_1_221' title='bbox 1937 3466 2006 3523; x_wconf 87' lang='lat' dir='ltr'>va·</span> 
     </span>
     <span class='ocr_line' id='line_1_24' title="bbox 357 3524 2007 3658; baseline 0.024 -39"><span class='ocrx_word' id='word_1_222' title='bbox 357 3539 433 3626; x_wconf 80' lang='lat' dir='ltr'>riis</span> <span class='ocrx_word' id='word_1_223' title='bbox 449 3536 493 3616; x_wconf 89' lang='lat' dir='ltr'>in</span> <span class='ocrx_word' id='word_1_224' title='bbox 504 3527 809 3620; x_wconf 85' lang='lat' dir='ltr'>dubitationem</span> <span class='ocrx_word' id='word_1_225' title='bbox 826 3524 1108 3621; x_wconf 76' lang='lat' dir='ltr'>adduceretur.</span> <span class='ocrx_word' id='word_1_226' title='bbox 1131 3535 1198 3624; x_wconf 86' lang='lat' dir='ltr'>Ad</span> <span class='ocrx_word' id='word_1_227' title='bbox 1212 3549 1304 3624; x_wconf 86' lang='lat' dir='ltr'>ea&#39;m</span> <span class='ocrx_word' id='word_1_228' title='bbox 1322 3538 1563 3654; x_wconf 87' lang='lat' dir='ltr'>capiendam</span> <span class='ocrx_word' id='word_1_229' title='bbox 1584 3551 1838 3645; x_wconf 77' lang='lat' dir='ltr'>occasionem</span> <span class='ocrx_word' id='word_1_230' title='bbox 1859 3564 2007 3658; x_wconf 84' lang='lat' dir='ltr'>obtulit</span> 
     </span>
     <span class='ocr_line' id='line_1_25' title="bbox 362 3658 2056 3798; baseline 0.025 -49"><span class='ocrx_word' id='word_1_231' title='bbox 362 3685 596 3758; x_wconf 70' lang='lat' dir='ltr'>norisio,</span> <span class='ocrx_word' id='word_1_232' title='bbox 627 3658 795 3775; x_wconf 77' lang='lat' dir='ltr'>quidam</span> <span class='ocrx_word' id='word_1_233' title='bbox 815 3659 1085 3754; x_wconf 86' lang='lat' dir='ltr'>bibliothecae</span> <span class='ocrx_word' id='word_1_234' title='bbox 1115 3670 1323 3761; x_wconf 84' lang='lat' dir='ltr'>Mediccae</span> <span class='ocrx_word' id='word_1_235' title='bbox 1343 3673 1393 3760; x_wconf 86' lang='lat' dir='ltr'>ad</span> <span class='ocrx_word' id='word_1_236' title='bbox 1413 3676 1464 3760; x_wconf 89' lang='lat' dir='ltr'>D.</span> <span class='ocrx_word' id='word_1_237' title='bbox 1483 3681 1694 3769; x_wconf 81' lang='lat' dir='ltr'>Laurentii</span> <span class='ocrx_word' id='word_1_238' title='bbox 1715 3690 1847 3780; x_wconf 87' lang='lat' dir='ltr'>codex</span> <span class='ocrx_word' id='word_1_239' title='bbox 1874 3725 2003 3790; x_wconf 88' lang='lat' dir='ltr'>manu</span> <span class='ocrx_word' id='word_1_240' title='bbox 2049 3789 2056 3798; x_wconf 79' lang='grc'><strong>,</strong></span> 
     </span>
     <span class='ocr_line' id='line_1_26' title="bbox 362 3794 2003 3948; baseline 0.023 -65"><span class='ocrx_word' id='word_1_241' title='bbox 362 3813 567 3895; x_wconf 75' lang='lat' dir='ltr'>exaratus,</span> <span class='ocrx_word' id='word_1_242' title='bbox 592 3794 635 3875; x_wconf 90' lang='lat' dir='ltr'>in</span> <span class='ocrx_word' id='word_1_243' title='bbox 655 3816 767 3906; x_wconf 80' lang='lat' dir='ltr'>quo,</span> <span class='ocrx_word' id='word_1_244' title='bbox 799 3795 908 3880; x_wconf 87' lang='lat' dir='ltr'>inter</span> <span class='ocrx_word' id='word_1_245' title='bbox 925 3797 1165 3910; x_wconf 82' lang='lat' dir='ltr'>complures</span> <span class='ocrx_word' id='word_1_246' title='bbox 1181 3803 1372 3892; x_wconf 86' lang='lat' dir='ltr'>scientiae</span> <span class='ocrx_word' id='word_1_247' title='bbox 1398 3805 1710 3902; x_wconf 88' lang='lat' dir='ltr'>Astronomicae</span> <span class='ocrx_word' id='word_1_248' title='bbox 1734 3845 1867 3932; x_wconf 80' lang='lat' dir='ltr'>notar,</span> <span class='ocrx_word' id='word_1_249' title='bbox 1900 3829 2003 3948; x_wconf 85' lang='lat' dir='ltr'>legi·</span> 
     </span>
     <span class='ocr_line' id='line_1_27' title="bbox 361 3923 2003 4070; baseline 0.018 -56"><span class='ocrx_word' id='word_1_250' title='bbox 361 3923 451 4034; x_wconf 76' lang='lat' dir='ltr'>tur:</span> <span class='ocrx_word' id='word_1_251' title='bbox 480 3954 543 4014; x_wconf 80' lang='lat' dir='ltr'>cn.</span> <span class='ocrx_word' id='word_1_252' title='bbox 559 3923 639 4014; x_wconf 76' lang='grc' dir='ltr'>ἔτη,</span> <span class='ocrx_word' id='word_1_253' title='bbox 660 3923 702 4012; x_wconf 92' lang='lat' dir='ltr'>id</span> <span class='ocrx_word' id='word_1_254' title='bbox 720 3925 797 4027; x_wconf 83' lang='lat' dir='ltr'>cst,</span> <span class='ocrx_word' id='word_1_255' title='bbox 815 3928 923 4013; x_wconf 84' lang='lat' dir='ltr'>anni.</span> <span class='ocrx_word' id='word_1_256' title='bbox 982 3929 1165 4033; x_wconf 86' lang='lat' dir='ltr'>Verum,</span> <span class='ocrx_word' id='word_1_257' title='bbox 1193 3943 1386 4046; x_wconf 78' lang='lat' dir='ltr'>quamvis</span> <span class='ocrx_word' id='word_1_258' title='bbox 1401 3938 1498 4029; x_wconf 90' lang='lat' dir='ltr'>hinc</span> <span class='ocrx_word' id='word_1_259' title='bbox 1523 3938 1595 4030; x_wconf 86' lang='lat' dir='ltr'>fiat</span> <span class='ocrx_word' id='word_1_260' title='bbox 1615 3951 1900 4070; x_wconf 85' lang='lat' dir='ltr'>manifestum,</span> <span class='ocrx_word' id='word_1_261' title='bbox 1929 3997 2003 4056; x_wconf 80' lang='lat' dir='ltr'>ve.</span> 
     </span>
     <span class='ocr_line' id='line_1_28' title="bbox 360 4055 2003 4203; baseline 0.01 -51"><span class='ocrx_word' id='word_1_262' title='bbox 360 4056 494 4152; x_wconf 81' lang='lat' dir='ltr'>eustos</span> <span class='ocrx_word' id='word_1_263' title='bbox 518 4055 695 4148; x_wconf 85' lang='lat' dir='ltr'>fiderum</span> <span class='ocrx_word' id='word_1_264' title='bbox 718 4056 920 4148; x_wconf 87' lang='lat' dir='ltr'>studiosos</span> <span class='ocrx_word' id='word_1_265' title='bbox 940 4057 1098 4178; x_wconf 86' lang='lat' dir='ltr'>duplici</span> <span class='ocrx_word' id='word_1_266' title='bbox 1120 4065 1160 4149; x_wconf 95' lang='lat' dir='ltr'>L</span> <span class='ocrx_word' id='word_1_267' title='bbox 1186 4087 1264 4178; x_wconf 90' lang='lat' dir='ltr'>pro</span> <span class='ocrx_word' id='word_1_268' title='bbox 1284 4093 1494 4160; x_wconf 87' lang='lat' dir='ltr'>annorum</span> <span class='ocrx_word' id='word_1_269' title='bbox 1517 4078 1612 4164; x_wconf 88' lang='lat' dir='ltr'>usos</span> <span class='ocrx_word' id='word_1_270' title='bbox 1630 4080 1709 4168; x_wconf 84' lang='lat' dir='ltr'>effe</span> <span class='ocrx_word' id='word_1_271' title='bbox 1729 4085 1869 4203; x_wconf 82' lang='lat' dir='ltr'>figno:</span> <span class='ocrx_word' id='word_1_272' title='bbox 1897 4123 2003 4187; x_wconf 91' lang='lat' dir='ltr'>non..</span> 
     </span>
    </p>
   </div>
   <div class='ocr_carea' id='block_1_3' title="bbox 370 4229 2082 4488">
    <p class='ocr_par' dir='ltr' id='par_1_6' title="bbox 370 4229 2082 4488">
     <span class='ocr_line' id='line_1_29' title="bbox 1897 4229 2082 4331; baseline 0.076 -14"><span class='ocrx_word' id='word_1_273' title='bbox 1897 4229 2003 4322; x_wconf 83' lang='lat' dir='ltr'>dum</span> <span class='ocrx_word' id='word_1_274' title='bbox 2081 4327 2082 4331; x_wconf 14' lang='lat' dir='ltr'>t</span> 
     </span>
     <span class='ocr_line' id='line_1_30' title="bbox 370 4403 2006 4488; baseline 0.03 -58"><span class='ocrx_word' id='word_1_275' title='bbox 370 4403 1661 4461; x_wconf 40' lang='lat' dir='ltr'>mmmm—w*-</span> <span class='ocrx_word' id='word_1_276' title='bbox 1680 4447 2006 4488; x_wconf 75' lang='lat'>-..........,.</span> 
     </span>
    </p>
   </div>
   <div class='ocr_carea' id='block_1_4' title="bbox 358 4562 1655 4686">
    <p class='ocr_par' dir='ltr' id='par_1_7' title="bbox 358 4562 1655 4686">
     <span class='ocr_line' id='line_1_31' title="bbox 358 4562 1655 4686; baseline 0.031 -59"><span class='ocrx_word' id='word_1_277' title='bbox 358 4562 411 4649; x_wconf 74' lang='lat' dir='ltr'>(u)</span> <span class='ocrx_word' id='word_1_278' title='bbox 430 4565 644 4643; x_wconf 72' lang='lat' dir='ltr'>commentar..</span> <span class='ocrx_word' id='word_1_279' title='bbox 659 4571 698 4638; x_wconf 83' lang='lat' dir='ltr'>in</span> <span class='ocrx_word' id='word_1_280' title='bbox 711 4567 1009 4648; x_wconf 76' lang='lat' dir='ltr'>Homerum‚&#39;Totn.</span> <span class='ocrx_word' id='word_1_281' title='bbox 1028 4573 1081 4646; x_wconf 83' lang='lat' dir='ltr'>lll</span> <span class='ocrx_word' id='word_1_282' title='bbox 1089 4601 1163 4670; x_wconf 83' lang='lat' dir='ltr'>pag.</span> <span class='ocrx_word' id='word_1_283' title='bbox 1208 4583 1260 4674; x_wconf 84' lang='lat' dir='ltr'>(y)</span> <span class='ocrx_word' id='word_1_284' title='bbox 1280 4583 1370 4658; x_wconf 88' lang='lat' dir='ltr'>Loco</span> <span class='ocrx_word' id='word_1_285' title='bbox 1384 4593 1491 4670; x_wconf 86' lang='lat' dir='ltr'>citato,</span> <span class='ocrx_word' id='word_1_286' title='bbox 1505 4615 1575 4684; x_wconf 82' lang='lat' dir='ltr'>pag.</span> <span class='ocrx_word' id='word_1_287' title='bbox 1590 4594 1655 4686; x_wconf 79' lang='lat'>3&#39;65.</span> 
     </span>
    </p>
   </div>
   <div class='ocr_carea' id='block_1_5' title="bbox 424 4679 2003 4799">
    <p class='ocr_par' dir='ltr' id='par_1_8' title="bbox 424 4679 2003 4799">
     <span class='ocr_line' id='line_1_32' title="bbox 424 4679 2003 4799; baseline 0.037 -71"><span class='ocrx_word' id='word_1_288' title='bbox 424 4679 494 4751; x_wconf 73' lang='lat'>538.</span> <span class='ocrx_word' id='word_1_289' title='bbox 1207 4701 1253 4774; x_wconf 83' lang='lat' dir='ltr'>(z)</span> <span class='ocrx_word' id='word_1_290' title='bbox 1274 4693 1326 4784; x_wconf 85' lang='lat' dir='ltr'>De</span> <span class='ocrx_word' id='word_1_291' title='bbox 1349 4699 1546 4785; x_wconf 74' lang='lat' dir='ltr'>lentulorum</span> <span class='ocrx_word' id='word_1_292' title='bbox 1570 4710 1866 4799; x_wconf 71' lang='lat' dir='ltr'>interpretatione,</span> <span class='ocrx_word' id='word_1_293' title='bbox 1891 4717 1947 4789; x_wconf 88' lang='lat' dir='ltr'>lib.</span> <span class='ocrx_word' id='word_1_294' title='bbox 1961 4719 2003 4790; x_wconf 87' lang='lat'>11.</span> 
     </span>
    </p>
   </div>
   <div class='ocr_carea' id='block_1_6' title="bbox 357 4767 1937 4972">
    <p class='ocr_par' dir='ltr' id='par_1_9' title="bbox 357 4767 1937 4972">
     <span class='ocr_line' id='line_1_33' title="bbox 357 4767 1937 4955; baseline 0.034 -118"><span class='ocrx_word' id='word_1_295' title='bbox 357 4767 410 4862; x_wconf 80' lang='lat' dir='ltr'>(r)</span> <span class='ocrx_word' id='word_1_296' title='bbox 421 4768 752 4955; x_wconf 45' lang='lat' dir='ltr'>,bidbfmssw</span> <span class='ocrx_word' id='word_1_297' title='bbox 772 4780 814 4857; x_wconf 84' lang='lat' dir='ltr'>de</span> <span class='ocrx_word' id='word_1_298' title='bbox 825 4790 1164 4882; x_wconf 66' lang='lat' dir='ltr'>natureenimelium,</span> <span class='ocrx_word' id='word_1_299' title='bbox 1273 4820 1340 4890; x_wconf 84' lang='lat' dir='ltr'>cap.</span> <span class='ocrx_word' id='word_1_300' title='bbox 1356 4825 1396 4874; x_wconf 86' lang='lat'>12.</span> <span class='ocrx_word' id='word_1_301' title='bbox 1410 4823 1483 4898; x_wconf 80' lang='lat' dir='ltr'>pag.</span> <span class='ocrx_word' id='word_1_302' title='bbox 1500 4819 1547 4898; x_wconf 86' lang='lat'>58.</span> <span class='ocrx_word' id='word_1_303' title='bbox 1563 4809 1590 4879; x_wconf 89' lang='lat' dir='ltr'>b.</span> <span class='ocrx_word' id='word_1_304' title='bbox 1607 4815 1680 4884; x_wconf 87' lang='lat' dir='ltr'>edit.</span> <span class='ocrx_word' id='word_1_305' title='bbox 1696 4815 1839 4888; x_wconf 79' lang='lat' dir='ltr'>Aldine.</span> <span class='ocrx_word' id='word_1_306' title='bbox 1933 4885 1937 4890; x_wconf 93' lang='lat'>.</span> 
     </span>
     <span class='ocr_line' id='line_1_34' title="bbox 438 4897 1666 4972; baseline 0.037 -32"><span class='ocrx_word' id='word_1_307' title='bbox 438 4897 478 4944; x_wconf 87' lang='lat' dir='ltr'>t.</span> <span class='ocrx_word' id='word_1_308' title='bbox 583 4899 699 4972; x_wconf 80' lang='lat' dir='ltr'>cap..</span> <span class='ocrx_word' id='word_1_309' title='bbox 1663 4935 1666 4942; x_wconf 78' lang='grc'>’</span> 
     </span>
    </p>
   </div>
   <div class='ocr_carea' id='block_1_7' title="bbox 0 0 2256 6055">
    <p class='ocr_par' dir='ltr' id='par_1_10' title="bbox 0 0 2256 6055">
     <span class='ocr_line' id='line_1_35' title="bbox 0 0 2256 6055; baseline 0 0"><span class='ocrx_word' id='word_1_310' title='bbox 0 0 2256 6055; x_wconf 95' lang='lat' dir='ltr'> </span> 
     </span>
    </p>
   </div>
  </div>
 </body>
</html>
