4504 6060
1005 483 1053 580 ei
1082 483 1123 575 ')
1172 495 1257 557 ἥθ’
1284 480 1400 581 (⁸3

379 651 602 761 coniugem
621 643 775 762 probae
796 665 918 732 notae
936 639 1121 744 codices;
1150 639 1265 756 quod
1287 658 1335 725 ut
1350 634 1424 724 fiat
1441 639 1718 750 manifestum,
1736 642 1937 757 fimnlque
1949 668 2024 729 res

377 773 466 876 t'ota
487 781 743 900 percipiatur,
768 785 812 863 in
830 775 1016 862 medium
1042 770 1252 862 afferenda
1273 795 1397 858 erunt
1412 769 1498 883 ipsa
1529 778 1756 867 emanator
1782 772 1908 862 verba
1932 777 1974 882 (i
1986 789 2024 881 )“;

380 914 553 1006 Κάνωβος,
575 919 592 994 o‘
618 905 795 994 Μενελάου
813 901 1028 1006 κυβερνήτης,
1051 905 1108 984 mi
1130 907 1150 998 ἦ
1170 902 1292 984 ratim
1312 900 1404 998 puri,
1421 898 1639 1002 ’Bagam-ile,
1663 895 1944 1007 ἕν’Λλεξανὸςέιᾳ
1964 932 2020 981 τε·

380 1034 560 1135 Sappinati
593 1027 756 1124 τιμῶνται
781 1023 867 1126 arpis
891 1025 936 1136 eij
957 1019 1053 1137 ’ὄχθῃ
1080 1025 1144 1116 riis
1171 1021 1387 1112 θαλάσσης,
1410 1021 1487 1104 cini
1506 1016 1644 1103 irradio
1674 1027 1806 1126 σημὲιων
1835 1016 2023 1104 diroro'iree·

380 1146 564 1250 catenias,
586 1139 760 1232 Menelai
768 1139 1022 1258 gubernator,
1047 1172 1133 1232 cum
1149 1146 1225 1260 stra
1246 1169 1391 1246 vxore,
1420 1142 1719 1261 Eumenrnhide,
1755 1141 2026 1231 Alexandriae

331 1364 338 1378 ,
369 1274 526 1399 sepulti,
536 1285 660 1389 'prope
683 1269 807 1372 littus,
832 1270 1049 1359 duodecimo
1072 1273 1121 1361 ab
1147 1266 1242 1362 ur'be
1265 1269 1409 1392 lapide,
1432 1274 1566 1362 divino
1599 1274 1707 1396 culte
1738 1275 2026 1390 consecramur.

278 1409 281 1414 ’
369 1425 599 1524 ¹Qanturn
622 1407 818 1522 pretium,
843 1401 919 1492 hac
940 1409 984 1489 in
1017 1405 1163 1511 caussa,
1188 1405 1393 1493 constitui
1408 1404 1553 1494 debeat
1581 1408 1785 1522 scriptoris
1819 1404 1943 1496 huius
1969 1426 2028 1515 te·

327 1536 329 1542 ’
380 1547 599 1645 stimonio,
634 1539 664 1624 sr
695 1566 794 1626 cum
827 1541 971 1625 animo
1007 1535 1081 1622 suo
1114 1537 1398 1652 confideraffet
1434 1565 1727 1627 urcasrvs:
1755 1560 1826 1624 aut
1851 1565 1921 1624 me
1958 1535 2032 1622 fal·

377 1688 471 1774 lunt
494 1677 650 1776 omnia,
674 1695 743 1758 aut
769 1671 844 1786 ipsr
867 1666 1129 1782 displicuisset
1161 1695 1325 1776 auctor,
1352 1677 1471 1761 cuius
1499 1669 1603 1758 fides
1622 1665 1791 1756 sublesta
1819 1686 1883 1752 tot
1909 1665 2034 1780 signis

380 1805 608 1904 riariiiimis
641 1803 761 1890 lucet.
817 1801 958 1886 Primo
990 1803 1136 1904 enim,
1174 1829 1506 1902 errenanro,
1538 1804 1735 1902 narranti,
1764 1797 2032 1888 Alexandriae

381 1943 614 2062 sepulcrum
641 1933 758 2020 suilse
787 1931 964 2034 Canobi,
997 1931 1244 2020 contradicit
1263 1933 1451 2019 universa
1470 1935 1732 2019 Graecorum
1760 1925 1891 2034 turba,
1916 1929 2030 2050 supe·

377 2079 481 2162 riori
503 2073 634 2182 capite
659 2063 822 2152 anobis
848 2067 1031 2166 excitata,
1052 2085 1176 2170 atque
1202 2090 1289 2151 uno
1314 2091 1400 2172 ore⁸
1418 2063 1591 2166 clamat,
1625 2061 1871 2176 popularem
1910 2065 2031 2152 suum

379 2202 549 2308 inurbo,
570 2198 645 2314 ipsi
662 2198 934 2316 cognomine,
950 2191 1144 2308 accepisse
1158 2194 1383 2282 tumulum.
1407 2195 1632 2295 Praeterea,
1655 2209 1789 2281 tacent
1807 2197 2035 2309 Graiorum

372 2351 656 2446 *monumenta
674 2326 727 2414 ad
744 2352 878 2412 unum
897 2329 1042 2411 omnia
1051 2322 1101 2411 de
1111 2322 1432 2428 Eumenuthide,
1456 2319 1632 2410 Canobo
1653 2332 1921 2416 matrimonio
1941 2337 2034 2420 iun·

377 2494 474 2570 eta,
502 2471 633 2581 'quam
652 2456 842 2574 profecto
870 2455 1027 2542 srlentio
1051 2483 1138 2541 non
1158 2455 1353 2571 preffilset
1375 2460 1487 2544 natio
1519 2455 1675 2568 gloriae
1706 2455 2033 2576 cupidiffim23'fi

379 2603 555 2692 Graiam
579 2614 746 2708 quoque
766 2592 811 2672 in
830 2590 1020 2700 Aegypto
1046 2583 1222 2690 adorari,
1247 2587 1331 2674 ullo
1352 2586 1482 2673 modo
1502 2582 1723 2672 adfirmare
1745 2587 1945 2702 potuisset.
1964 2599 2034 2682 Li·

381 2735 527 2828 beuter
557 2733 695 2840 itaque
722 2717 909 2808 affentiar
935 2717 1181 2822 coniicienti,
1198 2715 1340 2806 fictam
1363 2717 1414 2804 ab
1439 2741 1698 2824 annerum,
1716 2715 1794 2804 elle
1817 2719 1925 2810 illam
1951 2729 2036 2816 Eu.

381 2854 756 2954 menutbidem.Et,
773 2849 966 2965 quamvis
984 2845 1243 2958 largiremur,
1264 2847 1386 2934 huius
1402 2843 1582 2934 feminae
1599 2853 1790 2936 notitiam
1809 2855 2034 2965 praesulem

341 3061 343 3066 .
381 2995 498 3080 illum
521 2981 689 3075 hausrise
718 3008 771 3070 ex
794 2981 1054 3066 Graecorum
1071 2977 1299 3082 annalibus,
1320 2975 1442 3070 hodie
1464 2974 1700 3092 deperditis:
1724 2999 1863 3068 tamen
1878 2985 1956 3076 nec
1979 2988 2033 3094 hi,

370 3120 439 3208 -ob
471 3111 643 3218 causs‘as,
665 3115 783 3226 supra
820 3107 1041 3223 expositas,
1076 3107 1202 3196 ullam
1228 3131 1486 3200 mererentur
1519 3105 1660 3196 fidem.
1714 3113 1915 3229 Denique,
1944 3117 2035 3236 quis

381 3249 512 3342 fidem
537 3243 779 3356 adiungeret
803 3239 1145 3342 Salaminiorum,
1178 3245 1223 3325 in
1244 3243 1401 3360 Cypro,
1437 3240 1647 3328 sacrorum
1672 3241 1864 3352 antistiti,
1897 3247 1949 3338 de
1971 3282 2034 3344 re.

381 3383 475 3486 hus,
500 3378 552 3466 ad
578 3373 903 3489 superstitionem
922 3369 1235 3486 pertinentibus,
1254 3369 1480 3474 differenti,
1504 3375 1589 3486 qui,
1608 3370 1743 3462 iudice
1763 3379 1858 3461 viro
1876 3377 2035 3472 summe
2179 3403 2192 3432 ¹

385 3507 622 3611 venerabili,
653 3531 754 3596 ron.
782 3528 1376 3596 nAanNn.MosnnM10
1404 3503 1490 3610 (ir),
1521 3507 1717 3590 maximis
1746 3504 1859 3598 orbis
1875 3509 2036 3603 litterari

378 3637 553 3738 ,deliciia
576 3631 670 3758 iusto
694 3630 847 3747 quidem
865 3629 1070 3735 volumine,
1095 3652 1152 3734 at,
1167 3652 1334 3748 propter
1344 3642 1457 3752 Joam
1481 3629 1681 3720 levitatem
1701 3653 1739 3720 et
1760 3636 2035 3752 ignorantiam,

384 3763 516 3854 variis
547 3755 706 3846 maculis
741 3778 781 3850 et
814 3755 1016 3846 erroribus
1038 3755 1186 3872 inusto,
1210 3757 1430 3874 persecutus
1466 3755 1519 3871 efl
1564 3757 1866 3876 Christianorum
1891 3764 2036 3881 sectas,

388 3916 496 4006 quar
511 3910 674 3980 tanturn
692 3881 1095 4004 episcopum‚'atque
1123 3887 1348 3978 salutiferae
1371 3889 1581 4004 religionis
1613 3893 1772 3999 nostrae
1797 3922 2036 4014 propugna.

386 4047 521 4132 torem
546 4025 723 4135 penitius
748 4017 963 4134 oportebat
987 4021 1263 4134 cognoscere?
1291 4015 1498 4123 Profecto,
1526 4028 1660 4135 quiin
1686 4046 1794 4109 terra
1817 4033 1947 4138 patria
1964 4028 2036 4116 ob·

387 4171 497 4244 errat
521 4156 708 4266 turpiter,
724 4177 822 4248 eum
849 4177 989 4258 nemo,
1016 4149 1084 4248 cui
1108 4154 1250 4300 sanum
1275 4149 1333 4240 est
1356 4151 1552 4265 finciput,
1579 4154 1625 4237 in
1651 4152 2033 4278 regionibus'pere·

396 4489 885 4528 ⁵⁸-w--·-=-n=·-··--=-

394 4633 435 4712 (i)
464 4627 1020 4720 inincoraero,opnum10m,11‚
1041 4655 1117 4725 pag.
1131 4653 1201 4723 109.
1244 4631 1293 4720 (k)
1313 4627 1550 4718 testimonum
1571 4627 1722 4720 historiae
1736 4629 1934 4722 christiam
1950 4638 2038 4701 anti·

457 4735 496 4814 C·
510 4734 583 4804 edit.
603 4732 791 4805 Coloniens
1217 4777 1223 4788 ·
1298 4737 1437 4824 quierit,
1446 4731 1534 4806 Saea.
1544 4733 1616 4804 llll
1632 4735 1717 4836 ear:
1723 4735 1763 4805 11.
1773 4755 1877 4834 cop-a
1885 4757 1956 4826 pag.
1966 4745 2041 4826 30'7.

1511 4937 1514 4946 r
1585 4933 1613 4953 ,.
1676 4931 1682 4947 .

1495 4952 1726 5008 ··.αεὲῖὗὶαιι
1765 4997 1768 5006 ,
1893 4989 1900 5000 .
2002 4970 2006 4985 ¹
