4500 6058
922 500 1309 618 ussto
1463 507 1559 608 ·‘

278 671 489 782 Tandem,
515 671 598 794 ipsa
639 671 998 770 o'XsA'uuouvs
1031 675 1204 784 fatetur,
1232 699 1363 768 manu
1395 666 1588 770 eierato}
1610 667 1799 788 bbdic'esi
1834 674 1953 797 quos·

215 835 220 844 ·
276 811 525 926 inspexerit,
541 808 675 900 ferme
700 838 852 900 omnes
882 809 1035 902 babere
1059 813 1287 904 Adrianus„
1333 816 1566 919 Praeterea,
1594 816 1679 903 sine
1702 815 1945 931 aspiratione

276 940 362 1033 boc
394 973 553 1036 nomen
582 945 807 1066 legendum
832 944 1030 1038 exhibent
1052 975 1267 1040 marmora
1302 951 1529 1066 quaedam,
1549 948 1601 1040 ab
1624 952 1720 1065 ipsis
1742 951 1851 1040 Italis
1882 951 1944 1038 di-

278 1098 369 1168 cata
395 1102 518 1197 atque
542 1109 567 1170 a
594 1105 988 1174 rnu.ouvra1to
1022 1084 1118 1200 (g),
1145 1112 1311 1174 raom.
1341 1109 1601 1174 namacio
1629 1081 1692 1195 (b)
1717 1105 1757 1171 et
1777 1113 1959 1194 uano„
2108 1077 2110 1080 ’

276 1239 445 1303 avuto
472 1218 546 1332 (i)
574 1217 700 1320 edita3
733 1220 806 1334 qui
835 1216 1015 1312 sollertes
1038 1224 1259 1338 antiquarii
1282 1245 1417 1336 quum
1440 1217 1493 1312 de
1511 1221 1721 1333 scripturis
1744 1219 1824 1310 illis
1841 1220 1943 1312 nihil
1970 1323 1973 1331 ,

274 1350 443 1461 prorsus
457 1358 640 1461 varient,
667 1378 723 1440 an
749 1351 812 1439 isti
839 1351 994 1470 lapides
1028 1352 1138 1444 bona
1154 1425 1158 1432 .
1174 1356 1362 1470 exscripti
1396 1353 1475 1441 smt
1499 1349 1594 1457 fide,
1618 1378 1746 1440 nemo
1764 1359 1950 1472 amplius,

274 1484 366 1570 iure
388 1483 577 1577 dubitare
598 1489 759 1602 poterit,
815 1486 1043 1597 Postremo,
1064 1492 1254 1607 opinioni
1271 1485 1445 1592 nostrae,
1468 1512 1551 1604 qua
1573 1505 1796 1605 utramque
1811 1489 1946 1584 hocce

272 1646 434 1710 nomen
458 1619 657 1711 scribendi
679 1627 884 1714 radonem
901 1626 1117 1714 censemus
1132 1622 1408 1743 probandam,
1424 1621 1630 1712 calculum
1655 1651 1743 1712 non
1763 1615 1944 1746 denega·
2082 1647 2088 1660 ·

151 1853 156 1864 ,
274 1755 391 1856 bunt,
417 1775 638 1873 quotquot,
654 1765 903 1875 experientia
918 1759 1066 1862 edocti,
1082 1780 1254 1865 norunt,
1271 1787 1350 1849 nec
1368 1753 1493 1847 hodie
1509 1753 1622 1846 raras
1644 1757 1723 1848 effe
1740 1767 1784 1849 in
1804 1773 1957 1855 nomi·¹

271 1890 409 1996 nibus,
427 1891 664 2008 praesertim
678 1901 870 2009 propriis,
893 1893 1116 1986 efferendis
1137 1893 1444 2013 scribendisque
1459 1891 1720 1985 diverfitates.
1748 1900 1888 1992 Nonne
1903 1926 1950 2004 et¹

269 2026 351 2146 spfit
368 2021 584 2114 vernacula
610 2028 809 2134 adsunam,
832 2033 968 2148 inquit
980 2025 1341 2120 Eminentislimus
1351 2033 1388 2118 S.
1398 2033 1446 2116 R.
1454 2031 1503 2114 E.
1525 2028 1757 2121 Cardinalis
1779 2062 1958 2130 auara*

271 2183 390 2254 matt.
418 2187 629 2266 Quartus
651 2168 765 2282 (k),
788 2172 1001 2256 maximus
1016 2167 1082 2256 ille
1102 2165 1231 2256 nostri
1255 2173 1348 2256 aevi
1380 2172 1616 2272 Maecenas,
1645 2193 1734 2256 non
1758 2197 1945 2290 purpura

269 2300 417 2400 solum,
439 2317 511 2385 aut
534 2299 579 2382 in
605 2299 790 2392 eruditos
814 2297 1104 2418 beneficentia,
1131 2298 1199 2388 sed
1225 2301 1401 2389 summis
1433 2304 1558 2386 etiam
1593 2305 1637 2388 in
1669 2302 1971 2428 elegantiores,

269 2439 424 2530 litteras
443 2437 604 2520 meritis
628 2435 848 2554 effulgens,
874 2436 1057 2528 exhibent
1073 2433 1181 2524 nobis
1193 2436 1386 2552 fierenta
1401 2434 1558 2524 huiusce
1574 2440 1738 2552 generis
1764 2441 1946 2560 exempla

269 2569 553 2686 (diciturenim
570 2567 751 2662 Venezia
768 2594 809 2663 ct
825 2575 1016 2690 Vioegia,
1046 2576 1219 2661 Firenze
1236 2589 1276 2657 et
1300 2572 1516 2675 Fiorenza)
1537 2597 1611 2659 nec
1623 2591 1836 2690 propterea
1851 2607 1947 2670 eru·

267 2713 364 2807 diris
382 2713 426 2799 in
452 2733 622 2800 mentem
647 2697 780 2814 venit,
804 2713 896 2817 uni,
905 2709 986 2824 seu
1010 2707 1132 2798 alters
1157 2736 1210 2800 ex
1226 2707 1303 2797 isis
1325 2701 1550 2802 lectionibus,
1583 2705 1719 2795 bellum
1743 2709 1945 2807 indiceret

270 2851 488 2949 Alterum,
518 2845 571 2932 de
612 2869 699 2962 quo
716 2847 1084 2935 controversantur
1105 2847 1214 2931 inter
1230 2842 1270 2929 se
1288 2839 1502 2956 philologi,
1528 2841 1727 2961 quodque
1750 2848 1945 2939 nostrum

164 2991 177 3004 “
270 2989 350 3074 erit
369 2978 608 3083 diiudicare,
640 2978 827 3066 diversus
844 2976 903 3066 est
922 2977 1091 3081 modus,
1115 3001 1205 3090 quo
1221 2995 1346 3090 caput
1362 2975 1593 3083 Hadriani,
1619 2981 1663 3065 in
1685 2984 1946 3071 numismati·

267 3121 359 3224 bus,
380 3121 543 3232 pictum
566 3117 789 3224 cernimus.
827 3108 1009 3200 Subinde
1022 3114 1137 3198 enim
1160 3105 1324 3198 nudum
1349 3131 1577 3223 comparet,
1602 3109 1687 3198 sme
1707 3112 1792 3201 ullo
1816 3140 1944 3207 oma-

266 3275 434 3360 mento‚
457 3249 552 3338 solis
578 3227 756 3366 capillis,
784 3249 918 3366 iisque
946 3243 1137 3334 undatim
1157 3244 1318 3359 crispis,
1337 3243 1621 3360 conspicuum.
1677 3247 1790 3337 Alias
1824 3277 1944 3364 vero,

267 3381 629 3514 quemadmodum
647 3389 693 3471 in
718 3381 918 3499 plumbeo
943 3381 1100 3486 nostro,
1127 3379 1264 3469 laurea
1293 3397 1535 3485 exornatur,
1557 3377 1743 3471 crinibus
1762 3386 1944 3474 circum·

265 3529 419 3649 posita,
451 3543 520 3625 et,
548 3523 594 3606 in
622 3519 838 3631 occipitio,
873 3516 1064 3631 religata,
1100 3519 1216 3605 vittis
1251 3518 1298 3601 in
1336 3511 1567 3600 humerum
1603 3512 1949 3629 dependentibus·
2063 3603 2066 3609 .

265 3668 456 3756 Priorem
497 3647 689 3768 signandi
736 3647 933 3738 modum·
964 3655 1220 3737 mmetatios
1264 3665 1427 3736 veteres
1456 3665 1676 3762 propterca
1707 3651 1944 3768 usurpasse,

265 3822 314 3892 ut
345 3791 446 3904 esset
468 3787 658 3894 indicio,
695 3782 991 3889 Hadrianum,
1026 3803 1119 3874 toto
1155 3787 1266 3872 vitae
1297 3781 1392 3867 suae
1424 3798 1634 3894 tempore,
1659 3802 1701 3871 et
1714 3809 1768 3872 ne
1791 3789 1835 3874 in
1860 3793 1944 3878 im-

265 3935 410 4027 bribus
436 3926 629 4047 quidem,
664 3941 737 4013 aut
755 3917 984 4038 frigoribus
1009 3921 1225 4026 maximis,
1248 3937 1374 4035 caput
1399 3911 1642 4018 contexisse,
1672 3923 1941 4032 quorundam

265 4073 349 4169 sert
375 4070 533 4186 opinio.
587 4059 810 4178 Equidem,
845 4055 948 4146 illud
977 4054 1160 4148 solemne
1195 4053 1316 4142 suum
1343 4049 1515 4144 servasse
1538 4053 1860 4167 imperatorem,
1891 4074 1940 4144 ut

1002 4273 1005 4280 .
1126 4218 1135 4232 ⁸
1211 4191 1230 4277 1
1441 4269 1447 4282 .
1672 4197 1677 4210 “
1853 4192 1940 4309 ple·

262 4526 315 4621 (Β)
334 4506 908 4614 mfflfflaeafmpepagmlvtu.
922 4516 1059 4589 numa
1150 4495 1152 4500 ’
1190 4501 1255 4578 sert
1273 4498 1312 4572 ab
1337 4527 1387 4588 ea,
1410 4525 1512 4595 quam
1539 4523 1752 4577 natuasrvt
1775 4501 1861 4576 Clas
1880 4503 1939 4576 111.

263 4638 319 4730 (h)
340 4636 508 4726 ¹syntagm.
516 4624 663 4718 inscript.
672 4618 755 4690 Clas
767 4619 808 4688 11.
823 4641 915 4696 num.
931 4639 985 4709 79.
1003 4609 1085 4686 Clas
1196 4635 1286 4684 uum.
1301 4636 1345 4704 ις.
1358 4613 1495 4688 exhibet.
1573 4731 1574 4734 Ἴ

269 4779 278 4796 .
327 4745 385 4820 111,
405 4764 497 4814 num.
519 4757 560 4824 13·
577 4737 623 4808 ιθ.
641 4753 684 4821 24
706 4745 740 4802 et
754 4751 799 4818 3¹·
815 4753 953 4823 quarum
972 4731 1082 4826 prima¹
1125 4724 1172 4811 (k)
1198 4726 1238 4797 ln
1261 4729 1467 4834 Primordt‘t't,
1481 4731 1690 4827 cormac„
1706 4726 1801 4828 cap..
1817 4725 1949 4810 ffllb.

328 4851 619 4939 eammeuquarn
636 4863 861 4916 onvrnnvs
885 4843 906 4910 1.
914 4861 941 4912 e.
950 4841 1062 4910 attulit.
1191 4859 1265 4932 pag,
1282 4859 1350 4931 197·

264 4947 305 5060 (1)
331 4969 408 5059 aaa.
421 4957 650 5040 uxxxvuu.
672 4977 763 5030 uuna
778 4963 810 5042 ε.
831 4973 914 5052 quae
928 4947 1087 5034 ansilam
1132 5049 1137 5068 ι
