<?xml version="1.0" encoding="UTF-8"?>
<!DOCTYPE html PUBLIC "-//W3C//DTD XHTML 1.0 Transitional//EN"
    "http://www.w3.org/TR/xhtml1/DTD/xhtml1-transitional.dtd">
<html xmlns="http://www.w3.org/1999/xhtml" xml:lang="en" lang="en">
 <head>
  <title>
</title>
<meta http-equiv="Content-Type" content="text/html;charset=utf-8" />
  <meta name='ocr-system' content='tesseract 3.04.00' />
  <meta name='ocr-capabilities' content='ocr_page ocr_carea ocr_par ocr_line ocrx_word'/>
</head>
<body>
  <div class='ocr_page' id='page_1' title='image "./commentatiodenu00schlgoog_0053.png"; bbox 0 0 4500 6058; ppageno 0'>
   <div class='ocr_carea' id='block_1_1' title="bbox 307 529 2000 964">
    <p class='ocr_par' dir='ltr' id='par_1_1' title="bbox 307 529 2000 964">
     <span class='ocr_line' id='line_1_1' title="bbox 763 529 1359 645; baseline -0.01 0"><span class='ocrx_word' id='word_1_1' title='bbox 763 613 765 618; x_wconf 77' lang='lat'><em>.</em></span> <span class='ocrx_word' id='word_1_2' title='bbox 955 529 1015 645; x_wconf 55' lang='lat' dir='ltr'><strong>is</strong></span> <span class='ocrx_word' id='word_1_3' title='bbox 1053 541 1088 642; x_wconf 82' lang='grc'><strong>)“</strong></span> <span class='ocrx_word' id='word_1_4' title='bbox 1125 543 1186 637; x_wconf 68' lang='grc' dir='ltr'><strong>ει·</strong></span> <span class='ocrx_word' id='word_1_5' title='bbox 1217 529 1262 639; x_wconf 82' lang='grc'><strong>(”</strong></span> <span class='ocrx_word' id='word_1_6' title='bbox 1356 565 1359 572; x_wconf 75' lang='grc'>’</span> 
     </span>
     <span class='ocr_line' id='line_1_2' title="bbox 307 541 2000 832; baseline -0.002 -39"><span class='ocrx_word' id='word_1_7' title='bbox 307 701 485 821; x_wconf 85' lang='lat' dir='ltr'><strong>pbrasm,</strong></span> <span class='ocrx_word' id='word_1_8' title='bbox 512 706 656 798; x_wconf 80' lang='lat' dir='ltr'><strong>tudem</strong></span> <span class='ocrx_word' id='word_1_9' title='bbox 669 733 804 797; x_wconf 86' lang='lat' dir='ltr'><strong>numos</strong></span> <span class='ocrx_word' id='word_1_10' title='bbox 820 693 1028 826; x_wconf 74' lang='lat' dir='ltr'><strong>plumbeos,</strong></span> <span class='ocrx_word' id='word_1_11' title='bbox 1043 541 1403 818; x_wconf 40' lang='lat' dir='ltr'><strong>lididicllsetssaut</strong></span> <span class='ocrx_word' id='word_1_12' title='bbox 1426 703 1563 797; x_wconf 85' lang='lat' dir='ltr'><strong>suisset</strong></span> <span class='ocrx_word' id='word_1_13' title='bbox 1585 719 1772 815; x_wconf 84' lang='lat' dir='ltr'><strong>memor,</strong></span> <span class='ocrx_word' id='word_1_14' title='bbox 1788 685 1904 796; x_wconf 83' lang='lat' dir='ltr'><strong>illud</strong></span> <span class='ocrx_word' id='word_1_15' title='bbox 1908 699 1973 790; x_wconf 89' lang='lat' dir='ltr'><strong>l&#39;o·</strong></span> <span class='ocrx_word' id='word_1_16' title='bbox 1953 724 2000 832; x_wconf 51' lang='grc' dir='ltr'><strong>-ᾓ</strong></span> 
     </span>
     <span class='ocr_line' id='line_1_3' title="bbox 310 837 1972 964; baseline -0.001 -36"><span class='ocrx_word' id='word_1_17' title='bbox 310 841 853 945; x_wconf 85' lang='lat' dir='ltr'><strong>lemneservasleComicos,</strong></span> <span class='ocrx_word' id='word_1_18' title='bbox 865 863 1091 947; x_wconf 84' lang='lat' dir='ltr'><strong>utnumos,</strong></span> <span class='ocrx_word' id='word_1_19' title='bbox 1117 847 1303 934; x_wconf 85' lang='lat' dir='ltr'><strong>minutor</strong></span> <span class='ocrx_word' id='word_1_20' title='bbox 1318 845 1489 964; x_wconf 89' lang='lat' dir='ltr'><strong>quidem</strong></span> <span class='ocrx_word' id='word_1_21' title='bbox 1506 837 1972 959; x_wconf 82' lang='lat' dir='ltr'><strong>vibsfimosque,sedta·</strong></span> 
     </span>
    </p>
   </div>
   <div class='ocr_carea' id='block_1_2' title="bbox 311 961 1974 1228">
    <p class='ocr_par' dir='ltr' id='par_1_2' title="bbox 311 961 1974 1228">
     <span class='ocr_line' id='line_1_4' title="bbox 311 961 1972 1094; baseline -0.002 -32"><span class='ocrx_word' id='word_1_22' title='bbox 311 991 412 1062; x_wconf 89' lang='lat' dir='ltr'><strong>men</strong></span> <span class='ocrx_word' id='word_1_23' title='bbox 431 981 649 1063; x_wconf 85' lang='lat' dir='ltr'><strong>commum</strong></span> <span class='ocrx_word' id='word_1_24' title='bbox 639 961 741 1063; x_wconf 89' lang='lat' dir='ltr'><strong>usu</strong></span> <span class='ocrx_word' id='word_1_25' title='bbox 763 994 963 1094; x_wconf 82' lang='lat' dir='ltr'><strong>receptos,</strong></span> <span class='ocrx_word' id='word_1_26' title='bbox 994 980 1283 1084; x_wconf 83' lang='lat' dir='ltr'><strong>nominarent,</strong></span> <span class='ocrx_word' id='word_1_27' title='bbox 1314 1005 1447 1094; x_wconf 88' lang='lat' dir='ltr'><strong>quum</strong></span> <span class='ocrx_word' id='word_1_28' title='bbox 1479 1003 1570 1064; x_wconf 90' lang='lat' dir='ltr'><strong>rem</strong></span> <span class='ocrx_word' id='word_1_29' title='bbox 1595 976 1806 1092; x_wconf 81' lang='lat' dir='ltr'><strong>quandam</strong></span> <span class='ocrx_word' id='word_1_30' title='bbox 1824 993 1972 1064; x_wconf 88' lang='lat' dir='ltr'><strong>conte·</strong></span> 
     </span>
     <span class='ocr_line' id='line_1_5' title="bbox 311 1106 1974 1228; baseline -0.001 -32"><span class='ocrx_word' id='word_1_31' title='bbox 311 1112 578 1217; x_wconf 81' lang='lat' dir='ltr'><strong>mnereaclin</strong></span> <span class='ocrx_word' id='word_1_32' title='bbox 595 1106 743 1196; x_wconf 90' lang='lat' dir='ltr'><strong>odium</strong></span> <span class='ocrx_word' id='word_1_33' title='bbox 758 1109 913 1199; x_wconf 89' lang='lat' dir='ltr'><strong>vellent</strong></span> <span class='ocrx_word' id='word_1_34' title='bbox 927 1109 1141 1200; x_wconf 83' lang='lat' dir='ltr'>adducere</span> <span class='ocrx_word' id='word_1_35' title='bbox 1170 1113 1249 1218; x_wconf 84' lang='lat' dir='ltr'><strong>Sic,</strong></span> <span class='ocrx_word' id='word_1_36' title='bbox 1263 1135 1522 1228; x_wconf 88' lang='lat' dir='ltr'><strong>quamquam</strong></span> <span class='ocrx_word' id='word_1_37' title='bbox 1530 1106 1807 1217; x_wconf 78' lang='lat' dir='ltr'><strong>Athenienses,</strong></span> <span class='ocrx_word' id='word_1_38' title='bbox 1831 1114 1974 1196; x_wconf 76' lang='lat' dir='ltr'><strong>minus</strong></span> 
     </span>
    </p>
   </div>
   <div class='ocr_carea' id='block_1_3' title="bbox 217 1236 2244 1360">
    <p class='ocr_par' dir='ltr' id='par_1_3' title="bbox 217 1236 2244 1360">
     <span class='ocr_line' id='line_1_6' title="bbox 217 1236 2244 1360; baseline -0.002 -22"><span class='ocrx_word' id='word_1_39' title='bbox 217 1331 220 1338; x_wconf 83' lang='lat'>.</span> <span class='ocrx_word' id='word_1_40' title='bbox 311 1240 559 1330; x_wconf 84' lang='lat' dir='ltr'><strong>florentibus</strong></span> <span class='ocrx_word' id='word_1_41' title='bbox 583 1239 709 1330; x_wconf 85' lang='lat' dir='ltr'><strong>rebus</strong></span> <span class='ocrx_word' id='word_1_42' title='bbox 730 1243 916 1360; x_wconf 89' lang='lat' dir='ltr'><strong>ipsorum</strong></span> <span class='ocrx_word' id='word_1_43' title='bbox 950 1252 1034 1351; x_wconf 89' lang='lat' dir='ltr'><strong>(c),</strong></span> <span class='ocrx_word' id='word_1_44' title='bbox 1063 1265 1279 1332; x_wconf 83' lang='lat' dir='ltr'><strong>monetam</strong></span> <span class='ocrx_word' id='word_1_45' title='bbox 1318 1257 1505 1349; x_wconf 81' lang='lat' dir='ltr'><strong>aeream,</strong></span> <span class='ocrx_word' id='word_1_46' title='bbox 1519 1236 1687 1360; x_wconf 88' lang='lat' dir='ltr'><strong>publico</strong></span> <span class='ocrx_word' id='word_1_47' title='bbox 1702 1242 1882 1350; x_wconf 88' lang='lat' dir='ltr'><strong>decreto,</strong></span> <span class='ocrx_word' id='word_1_48' title='bbox 1903 1267 1974 1358; x_wconf 72' lang='lat' dir='ltr'><strong>ap-</strong></span> <span class='ocrx_word' id='word_1_49' title='bbox 2085 1323 2088 1328; x_wconf 62' lang='lat'><strong>,</strong></span> <span class='ocrx_word' id='word_1_50' title='bbox 2242 1246 2244 1255; x_wconf 85' lang='lat'>&#39;</span> 
     </span>
    </p>
   </div>
   <div class='ocr_carea' id='block_1_4' title="bbox 311 1371 2042 2565">
    <p class='ocr_par' dir='ltr' id='par_1_4' title="bbox 311 1371 2042 2565">
     <span class='ocr_line' id='line_1_7' title="bbox 311 1371 1973 1496; baseline -0.001 -32"><span class='ocrx_word' id='word_1_51' title='bbox 311 1371 573 1492; x_wconf 79' lang='lat' dir='ltr'><strong>probassent:</strong></span> <span class='ocrx_word' id='word_1_52' title='bbox 600 1393 741 1480; x_wconf 81' lang='lat' dir='ltr'><strong>tamen</strong></span> <span class='ocrx_word' id='word_1_53' title='bbox 764 1403 862 1464; x_wconf 90' lang='lat' dir='ltr'><strong>cum</strong></span> <span class='ocrx_word' id='word_1_54' title='bbox 883 1376 1116 1466; x_wconf 87' lang='lat' dir='ltr'><strong>istiusmodi</strong></span> <span class='ocrx_word' id='word_1_55' title='bbox 1148 1383 1295 1468; x_wconf 66' lang='lat' dir='ltr'><strong>numi!</strong></span> <span class='ocrx_word' id='word_1_56' title='bbox 1313 1377 1508 1468; x_wconf 84' lang='lat' dir='ltr'><strong>homines</strong></span> <span class='ocrx_word' id='word_1_57' title='bbox 1525 1383 1648 1466; x_wconf 85' lang='lat' dir='ltr'><strong>nauci</strong></span> <span class='ocrx_word' id='word_1_58' title='bbox 1670 1399 1797 1496; x_wconf 84' lang='lat' dir='ltr'><strong>atque</strong></span> <span class='ocrx_word' id='word_1_59' title='bbox 1812 1385 1973 1493; x_wconf 82' lang='lat' dir='ltr'><strong>impro-</strong></span> 
     </span>
     <span class='ocr_line' id='line_1_8' title="bbox 313 1504 1975 1630; baseline 0.001 -36"><span class='ocrx_word' id='word_1_60' title='bbox 313 1504 391 1596; x_wconf 90' lang='lat' dir='ltr'><strong>bos</strong></span> <span class='ocrx_word' id='word_1_61' title='bbox 413 1514 676 1626; x_wconf 82' lang='lat' dir='ltr'><strong>comparavit</strong></span> <span class='ocrx_word' id='word_1_62' title='bbox 701 1533 1123 1602; x_wconf 77' lang='lat' dir='ltr'><strong>nrrsrorrnuns</strong></span> <span class='ocrx_word' id='word_1_63' title='bbox 1147 1514 1223 1618; x_wconf 88' lang='lat' dir='ltr'><strong>(d).</strong></span> <span class='ocrx_word' id='word_1_64' title='bbox 1280 1515 1347 1618; x_wconf 91' lang='lat' dir='ltr'><strong>Et,</strong></span> <span class='ocrx_word' id='word_1_65' title='bbox 1363 1516 1565 1630; x_wconf 85' lang='lat' dir='ltr'><strong>quoniam</strong></span> <span class='ocrx_word' id='word_1_66' title='bbox 1583 1509 1709 1598; x_wconf 86' lang='lat' dir='ltr'><strong>iidem</strong></span> <span class='ocrx_word' id='word_1_67' title='bbox 1725 1515 1846 1600; x_wconf 89' lang='lat' dir='ltr'><strong>numi</strong></span> <span class='ocrx_word' id='word_1_68' title='bbox 1863 1505 1975 1598; x_wconf 87' lang='lat' dir='ltr'><strong>baud</strong></span> 
     </span>
     <span class='ocr_line' id='line_1_9' title="bbox 313 1641 1981 1761; baseline 0.003 -35"><span class='ocrx_word' id='word_1_69' title='bbox 313 1641 522 1756; x_wconf 80' lang='lat' dir='ltr'><strong>eleganter</strong></span> <span class='ocrx_word' id='word_1_70' title='bbox 548 1663 666 1730; x_wconf 88' lang='lat' dir='ltr'><strong>erant</strong></span> <span class='ocrx_word' id='word_1_71' title='bbox 713 1643 890 1759; x_wconf 71' lang='lat' dir='ltr'><strong>signati:</strong></span> <span class='ocrx_word' id='word_1_72' title='bbox 936 1643 1035 1741; x_wconf 88' lang='lat' dir='ltr'><strong>hinc</strong></span> <span class='ocrx_word' id='word_1_73' title='bbox 1064 1645 1251 1736; x_wconf 87' lang='lat' dir='ltr'><strong>laudatus</strong></span> <span class='ocrx_word' id='word_1_74' title='bbox 1292 1649 1558 1756; x_wconf 82' lang='lat' dir='ltr'><strong>comicorum</strong></span> <span class='ocrx_word' id='word_1_75' title='bbox 1593 1649 1786 1761; x_wconf 81' lang='lat' dir='ltr'><strong>princeps</strong></span> <span class='ocrx_word' id='word_1_76' title='bbox 1832 1644 1981 1745; x_wconf 71' lang='lat' dir='ltr'><strong>moueri</strong></span> 
     </span>
     <span class='ocr_line' id='line_1_10' title="bbox 313 1763 1981 1896; baseline 0.001 -32"><span class='ocrx_word' id='word_1_77' title='bbox 313 1769 513 1882; x_wconf 65' lang='lat' dir='ltr'><strong>rippam,-</strong></span> <span class='ocrx_word' id='word_1_78' title='bbox 535 1773 632 1866; x_wconf 83' lang='lat' dir='ltr'><strong>mali</strong></span> <span class='ocrx_word' id='word_1_79' title='bbox 653 1779 874 1882; x_wconf 75' lang='lat' dir='ltr'><strong>commotis,</strong></span> <span class='ocrx_word' id='word_1_80' title='bbox 900 1804 973 1868; x_wconf 89' lang='lat' dir='ltr'><strong>eos</strong></span> <span class='ocrx_word' id='word_1_81' title='bbox 995 1777 1074 1867; x_wconf 83' lang='lat' dir='ltr'><strong>else</strong></span> <span class='ocrx_word' id='word_1_82' title='bbox 1105 1779 1209 1868; x_wconf 83' lang='lat' dir='ltr'><strong>dixit</strong></span> <span class='ocrx_word' id='word_1_83' title='bbox 1235 1763 1356 1888; x_wconf 72' lang='lat' dir='ltr'><strong>(e)‚·&#39;</strong></span> <span class='ocrx_word' id='word_1_84' title='bbox 1376 1785 1451 1896; x_wconf 89' lang='lat' dir='ltr'><strong>qui</strong></span> <span class='ocrx_word' id='word_1_85' title='bbox 1473 1776 1665 1866; x_wconf 86' lang='lat' dir='ltr'><strong>moribus</strong></span> <span class='ocrx_word' id='word_1_86' title='bbox 1687 1774 1837 1896; x_wconf 91' lang='lat' dir='ltr'><strong>perditi</strong></span> <span class='ocrx_word' id='word_1_87' title='bbox 1858 1786 1981 1866; x_wconf 70' lang='lat' dir='ltr'><strong>eraut</strong></span> 
     </span>
     <span class='ocr_line' id='line_1_11' title="bbox 314 1907 1977 2034; baseline 0.004 -41"><span class='ocrx_word' id='word_1_88' title='bbox 314 1927 438 2026; x_wconf 87' lang='lat' dir='ltr'><strong>atque</strong></span> <span class='ocrx_word' id='word_1_89' title='bbox 455 1909 612 1999; x_wconf 85' lang='lat' dir='ltr'><strong>abiecti.</strong></span> <span class='ocrx_word' id='word_1_90' title='bbox 668 1908 864 1998; x_wconf 87' lang='lat' dir='ltr'><strong>Eundem</strong></span> <span class='ocrx_word' id='word_1_91' title='bbox 889 1911 1086 2029; x_wconf 90' lang='lat' dir='ltr'><strong>loquendi</strong></span> <span class='ocrx_word' id='word_1_92' title='bbox 1106 1910 1287 2002; x_wconf 88' lang='lat' dir='ltr'><strong>modum</strong></span> <span class='ocrx_word' id='word_1_93' title='bbox 1310 1913 1482 2030; x_wconf 87' lang='lat' dir='ltr'><strong>usurpat</strong></span> <span class='ocrx_word' id='word_1_94' title='bbox 1498 1910 1583 2030; x_wconf 89' lang='lat' dir='ltr'><strong>ipse</strong></span> <span class='ocrx_word' id='word_1_95' title='bbox 1610 1935 1855 2034; x_wconf 74' lang='lat' dir='ltr'><strong>rravrvt</strong></span> <span class='ocrx_word' id='word_1_96' title='bbox 1889 1907 1977 2022; x_wconf 70' lang='lat' dir='ltr'><strong>(sle</strong></span> 
     </span>
     <span class='ocr_line' id='line_1_12' title="bbox 427 2043 1403 2164; baseline 0.002 -32"><span class='ocrx_word' id='word_1_97' title='bbox 427 2045 545 2148; x_wconf 88' lang='lat' dir='ltr'><strong>Nam,</strong></span> <span class='ocrx_word' id='word_1_98' title='bbox 562 2071 668 2132; x_wconf 84' lang='lat' dir='ltr'><strong>nunc</strong></span> <span class='ocrx_word' id='word_1_99' title='bbox 687 2073 814 2135; x_wconf 83' lang='lat' dir='ltr'><strong>novae</strong></span> <span class='ocrx_word' id='word_1_100' title='bbox 829 2043 1152 2164; x_wconf 80' lang='lat' dir='ltr'><strong>quaeprodmnt,</strong></span> <span class='ocrx_word' id='word_1_101' title='bbox 1177 2047 1403 2152; x_wconf 78' lang='lat' dir='ltr'><strong>comoediae,</strong></span> 
     </span>
     <span class='ocr_line' id='line_1_13' title="bbox 424 2176 1307 2297; baseline -0.005 -31"><span class='ocrx_word' id='word_1_102' title='bbox 424 2177 553 2267; x_wconf 82' lang='lat' dir='ltr'><strong>Multo</strong></span> <span class='ocrx_word' id='word_1_103' title='bbox 563 2176 662 2297; x_wconf 80' lang='lat' dir='ltr'><strong>firm</strong></span> <span class='ocrx_word' id='word_1_104' title='bbox 683 2177 900 2296; x_wconf 75' lang='lat' dir='ltr'><strong>nequiores,</strong></span> <span class='ocrx_word' id='word_1_105' title='bbox 925 2205 1042 2296; x_wconf 81' lang='lat' dir='ltr'><strong>quam</strong></span> <span class='ocrx_word' id='word_1_106' title='bbox 1067 2181 1178 2268; x_wconf 81' lang='lat' dir='ltr'><strong>numi</strong></span> <span class='ocrx_word' id='word_1_107' title='bbox 1201 2180 1307 2264; x_wconf 81' lang='lat' dir='ltr'><strong>noui.</strong></span> 
     </span>
     <span class='ocr_line' id='line_1_14' title="bbox 315 2310 2042 2430; baseline 0 -30"><span class='ocrx_word' id='word_1_108' title='bbox 315 2319 583 2430; x_wconf 81' lang='lat' dir='ltr'><strong>Qapropter</strong></span> <span class='ocrx_word' id='word_1_109' title='bbox 618 2311 787 2401; x_wconf 87' lang='lat' dir='ltr'><strong>credere</strong></span> <span class='ocrx_word' id='word_1_110' title='bbox 833 2313 1006 2419; x_wconf 85' lang='lat' dir='ltr'><strong>malim,</strong></span> <span class='ocrx_word' id='word_1_111' title='bbox 1033 2315 1215 2418; x_wconf 90' lang='lat' dir='ltr'><strong>servum,</strong></span> <span class='ocrx_word' id='word_1_112' title='bbox 1242 2339 1337 2400; x_wconf 87' lang='lat' dir='ltr'><strong>earn</strong></span> <span class='ocrx_word' id='word_1_113' title='bbox 1359 2310 1424 2416; x_wconf 89' lang='lat' dir='ltr'><strong>ob</strong></span> <span class='ocrx_word' id='word_1_114' title='bbox 1449 2311 1630 2404; x_wconf 84' lang='lat' dir='ltr'><strong>caull&#39;am</strong></span> <span class='ocrx_word' id='word_1_115' title='bbox 1655 2315 1830 2430; x_wconf 82' lang='lat' dir='ltr'><strong>parasito</strong></span> <span class='ocrx_word' id='word_1_116' title='bbox 1858 2312 1975 2401; x_wconf 87' lang='lat' dir='ltr'><strong>lilcu·</strong></span> <span class='ocrx_word' id='word_1_117' title='bbox 2037 2353 2042 2358; x_wconf 96' lang='lat'>·</span> 
     </span>
     <span class='ocr_line' id='line_1_15' title="bbox 315 2441 1976 2565; baseline -0.001 -29"><span class='ocrx_word' id='word_1_118' title='bbox 315 2457 424 2536; x_wconf 85' lang='lat' dir='ltr'><strong>tium</strong></span> <span class='ocrx_word' id='word_1_119' title='bbox 446 2449 750 2561; x_wconf 75' lang='lat' dir='ltr'><strong>imponentem,</strong></span> <span class='ocrx_word' id='word_1_120' title='bbox 774 2441 891 2561; x_wconf 89' lang='lat' dir='ltr'><strong>quod</strong></span> <span class='ocrx_word' id='word_1_121' title='bbox 919 2443 994 2543; x_wconf 84' lang='lat' dir='ltr'><strong>hie,</strong></span> <span class='ocrx_word' id='word_1_122' title='bbox 1013 2443 1165 2534; x_wconf 87' lang='lat' dir='ltr'><strong>cudere</strong></span> <span class='ocrx_word' id='word_1_123' title='bbox 1191 2444 1315 2534; x_wconf 87' lang='lat' dir='ltr'><strong>soleat</strong></span> <span class='ocrx_word' id='word_1_124' title='bbox 1327 2471 1484 2536; x_wconf 88' lang='lat' dir='ltr'><strong>numos</strong></span> <span class='ocrx_word' id='word_1_125' title='bbox 1506 2445 1747 2565; x_wconf 82' lang='lat' dir='ltr'><strong>plumbeos,</strong></span> <span class='ocrx_word' id='word_1_126' title='bbox 1775 2443 1976 2564; x_wconf 77' lang='lat' dir='ltr'><strong>exproba·</strong></span> 
     </span>
    </p>
   </div>
   <div class='ocr_carea' id='block_1_5' title="bbox 157 2572 1977 2700">
    <p class='ocr_par' dir='ltr' id='par_1_5' title="bbox 157 2572 1977 2700">
     <span class='ocr_line' id='line_1_16' title="bbox 157 2572 1977 2700; baseline -0.001 -30"><span class='ocrx_word' id='word_1_127' title='bbox 157 2691 163 2700; x_wconf 23' lang='lat'><strong><em>¹</em></strong></span> <span class='ocrx_word' id='word_1_128' title='bbox 315 2611 361 2670; x_wconf 92' lang='lat' dir='ltr'><strong>re</strong></span> <span class='ocrx_word' id='word_1_129' title='bbox 392 2576 566 2670; x_wconf 87' lang='lat' dir='ltr'><strong>voluisse</strong></span> <span class='ocrx_word' id='word_1_130' title='bbox 588 2575 787 2668; x_wconf 79' lang='lat' dir='ltr'><strong>lenisco</strong></span> <span class='ocrx_word' id='word_1_131' title='bbox 812 2572 1056 2692; x_wconf 74' lang='lat' dir='ltr'><strong>vilissimum</strong></span> <span class='ocrx_word' id='word_1_132' title='bbox 1081 2575 1253 2668; x_wconf 88' lang='lat' dir='ltr'><strong>vivendi</strong></span> <span class='ocrx_word' id='word_1_133' title='bbox 1275 2597 1438 2692; x_wconf 61' lang='lat' dir='ltr'><strong>genum</strong></span> <span class='ocrx_word' id='word_1_134' title='bbox 1463 2607 1591 2698; x_wconf 84' lang='lat' dir='ltr'><strong>quam</strong></span> <span class='ocrx_word' id='word_1_135' title='bbox 1620 2578 1870 2670; x_wconf 85' lang='lat' dir='ltr'><strong>subscribere</strong></span> <span class='ocrx_word' id='word_1_136' title='bbox 1895 2605 1977 2670; x_wconf 78' lang='lat' dir='ltr'><strong>sa·</strong></span> 
     </span>
    </p>
   </div>
   <div class='ocr_carea' id='block_1_6' title="bbox 274 2707 2012 4356">
    <p class='ocr_par' dir='ltr' id='par_1_6' title="bbox 274 2707 2012 4304">
     <span class='ocr_line' id='line_1_17' title="bbox 313 2707 1977 2824; baseline 0.001 -20"><span class='ocrx_word' id='word_1_137' title='bbox 313 2741 481 2820; x_wconf 87' lang='lat' dir='ltr'><strong>voro,</strong></span> <span class='ocrx_word' id='word_1_138' title='bbox 507 2712 698 2817; x_wconf 89' lang='lat' dir='ltr'><strong>censenti,</strong></span> <span class='ocrx_word' id='word_1_139' title='bbox 716 2707 803 2800; x_wconf 86' lang='lat' dir='ltr'><strong>salli</strong></span> <span class='ocrx_word' id='word_1_140' title='bbox 831 2715 993 2800; x_wconf 84' lang='lat' dir='ltr'><strong>crimen</strong></span> <span class='ocrx_word' id='word_1_141' title='bbox 1022 2709 1160 2801; x_wconf 87' lang='lat' dir='ltr'><strong>eidem</strong></span> <span class='ocrx_word' id='word_1_142' title='bbox 1186 2709 1359 2798; x_wconf 68' lang='lat' dir='ltr'><strong>hominir</strong></span> <span class='ocrx_word' id='word_1_143' title='bbox 1372 2710 1510 2803; x_wconf 77' lang='lat' dir='ltr'><strong>obiici</strong></span> <span class='ocrx_word' id='word_1_144' title='bbox 1539 2769 1543 2777; x_wconf 90' lang='lat'>·</span> <span class='ocrx_word' id='word_1_145' title='bbox 1574 2719 1716 2824; x_wconf 76' lang='lat' dir='ltr'><strong>Quam</strong></span> <span class='ocrx_word' id='word_1_146' title='bbox 1740 2719 1785 2804; x_wconf 89' lang='lat' dir='ltr'><strong>in</strong></span> <span class='ocrx_word' id='word_1_147' title='bbox 1817 2716 1977 2805; x_wconf 86' lang='lat' dir='ltr'><strong>senten·</strong></span> 
     </span>
     <span class='ocr_line' id='line_1_18' title="bbox 316 2845 1979 2964; baseline 0.002 -24"><span class='ocrx_word' id='word_1_148' title='bbox 316 2858 419 2940; x_wconf 90' lang='lat' dir='ltr'><strong>tiam</strong></span> <span class='ocrx_word' id='word_1_149' title='bbox 441 2867 557 2939; x_wconf 84' lang='lat' dir='ltr'><strong>tanto</strong></span> <span class='ocrx_word' id='word_1_150' title='bbox 572 2845 779 2936; x_wconf 85' lang='lat' dir='ltr'><strong>lubentius</strong></span> <span class='ocrx_word' id='word_1_151' title='bbox 787 2845 1002 2953; x_wconf 89' lang='lat' dir='ltr'><strong>descendo,</strong></span> <span class='ocrx_word' id='word_1_152' title='bbox 1026 2873 1115 2964; x_wconf 93' lang='lat' dir='ltr'><strong>quo</strong></span> <span class='ocrx_word' id='word_1_153' title='bbox 1132 2851 1267 2962; x_wconf 87' lang='lat' dir='ltr'><strong>magis</strong></span> <span class='ocrx_word' id='word_1_154' title='bbox 1283 2869 1376 2937; x_wconf 86' lang='lat' dir='ltr'><strong>eam</strong></span> <span class='ocrx_word' id='word_1_155' title='bbox 1391 2845 1563 2936; x_wconf 84' lang='lat' dir='ltr'><strong>firmate</strong></span> <span class='ocrx_word' id='word_1_156' title='bbox 1583 2849 1721 2940; x_wconf 44' lang='lat' dir='ltr'><strong>video*</strong></span> <span class='ocrx_word' id='word_1_157' title='bbox 1734 2851 1979 2960; x_wconf 79' lang='lat' dir='ltr'><strong>verborum,</strong></span> 
     </span>
     <span class='ocr_line' id='line_1_19' title="bbox 318 2980 1979 3102; baseline 0.001 -28"><span class='ocrx_word' id='word_1_158' title='bbox 318 2985 398 3075; x_wconf 86' lang='lat' dir='ltr'><strong>hac</strong></span> <span class='ocrx_word' id='word_1_159' title='bbox 421 2991 466 3073; x_wconf 92' lang='lat' dir='ltr'><strong>in</strong></span> <span class='ocrx_word' id='word_1_160' title='bbox 490 2985 622 3088; x_wconf 83' lang='lat' dir='ltr'><strong>scena,</strong></span> <span class='ocrx_word' id='word_1_161' title='bbox 646 3008 819 3087; x_wconf 86' lang='lat' dir='ltr'><strong>nexum,</strong></span> <span class='ocrx_word' id='word_1_162' title='bbox 857 3006 1027 3098; x_wconf 86' lang='lat' dir='ltr'><strong>quoque</strong></span> <span class='ocrx_word' id='word_1_163' title='bbox 1060 2987 1314 3070; x_wconf 82' lang='lat' dir='ltr'><strong>contemtius</strong></span> <span class='ocrx_word' id='word_1_164' title='bbox 1345 2980 1626 3071; x_wconf 78' lang='lat' dir='ltr'><strong>tractabantur</strong></span> <span class='ocrx_word' id='word_1_165' title='bbox 1654 2984 1768 3102; x_wconf 85' lang='lat' dir='ltr'><strong>apud</strong></span> <span class='ocrx_word' id='word_1_166' title='bbox 1804 3008 1979 3096; x_wconf 79' lang='lat' dir='ltr'><strong>veteres,</strong></span> 
     </span>
     <span class='ocr_line' id='line_1_20' title="bbox 318 3102 1979 3239; baseline 0.004 -32"><span class='ocrx_word' id='word_1_167' title='bbox 318 3126 393 3239; x_wconf 84' lang='lat' dir='ltr'><strong>qui</strong></span> <span class='ocrx_word' id='word_1_168' title='bbox 415 3116 534 3207; x_wconf 81' lang='lat' dir='ltr'><strong>dictis</strong></span> <span class='ocrx_word' id='word_1_169' title='bbox 554 3116 754 3233; x_wconf 78' lang='lat' dir='ltr'><strong>factisque</strong></span> <span class='ocrx_word' id='word_1_170' title='bbox 777 3112 962 3203; x_wconf 85' lang='lat' dir='ltr'><strong>ridiculis</strong></span> <span class='ocrx_word' id='word_1_171' title='bbox 986 3102 1155 3203; x_wconf 87' lang='lat' dir='ltr'><strong>victum</strong></span> <span class='ocrx_word' id='word_1_172' title='bbox 1171 3114 1435 3232; x_wconf 82' lang='lat' dir='ltr'><strong>quaerebant.</strong></span> <span class='ocrx_word' id='word_1_173' title='bbox 1485 3113 1624 3204; x_wconf 85' lang='lat' dir='ltr'><strong>Restat</strong></span> <span class='ocrx_word' id='word_1_174' title='bbox 1646 3145 1773 3229; x_wconf 89' lang='lat' dir='ltr'><strong>nunc,</strong></span> <span class='ocrx_word' id='word_1_175' title='bbox 1796 3146 1846 3211; x_wconf 91' lang='lat' dir='ltr'><strong>ut</strong></span> <span class='ocrx_word' id='word_1_176' title='bbox 1859 3147 1979 3214; x_wconf 73' lang='lat' dir='ltr'><strong>mnu·</strong></span> 
     </span>
     <span class='ocr_line' id='line_1_21' title="bbox 317 3241 1979 3368; baseline 0.002 -25"><span class='ocrx_word' id='word_1_177' title='bbox 317 3279 528 3345; x_wconf 81' lang='grc' dir='ltr'><strong>τιιιιιιιι</strong></span> <span class='ocrx_word' id='word_1_178' title='bbox 562 3275 732 3368; x_wconf 88' lang='lat' dir='ltr'><strong>quoque</strong></span> <span class='ocrx_word' id='word_1_179' title='bbox 764 3276 789 3338; x_wconf 90' lang='lat' dir='ltr'><strong>a</strong></span> <span class='ocrx_word' id='word_1_180' title='bbox 818 3251 922 3336; x_wconf 81' lang='lat' dir='ltr'><strong>viris</strong></span> <span class='ocrx_word' id='word_1_181' title='bbox 946 3242 1189 3340; x_wconf 78' lang='lat' dir='ltr'><strong>docu‘llimie</strong></span> <span class='ocrx_word' id='word_1_182' title='bbox 1221 3245 1505 3348; x_wconf 81' lang='lat' dir='ltr'><strong>vindicemus,</strong></span> <span class='ocrx_word' id='word_1_183' title='bbox 1533 3271 1642 3364; x_wconf 88' lang='lat' dir='ltr'><strong>quos</strong></span> <span class='ocrx_word' id='word_1_184' title='bbox 1672 3241 1762 3341; x_wconf 72' lang='lat' dir='ltr'><strong>elur</strong></span> <span class='ocrx_word' id='word_1_185' title='bbox 1793 3256 1979 3346; x_wconf 86' lang='lat' dir='ltr'><strong>testimo·</strong></span> 
     </span>
     <span class='ocr_line' id='line_1_22' title="bbox 274 3374 2011 3505; baseline 0.003 -29"><span class='ocrx_word' id='word_1_186' title='bbox 274 3487 277 3494; x_wconf 18' lang='lat' dir='ltr'>y</span> <span class='ocrx_word' id='word_1_187' title='bbox 317 3395 392 3478; x_wconf 86' lang='lat' dir='ltr'><strong>nlo</strong></span> <span class='ocrx_word' id='word_1_188' title='bbox 417 3377 675 3471; x_wconf 73' lang='lat' dir='ltr'><strong>intercessisse</strong></span> <span class='ocrx_word' id='word_1_189' title='bbox 697 3384 909 3467; x_wconf 65' lang='lat' dir='ltr'><strong>novimum</strong></span> <span class='ocrx_word' id='word_1_190' title='bbox 979 3381 1108 3484; x_wconf 87' lang='lat' dir='ltr'><strong>Nam,</strong></span> <span class='ocrx_word' id='word_1_191' title='bbox 1123 3374 1310 3494; x_wconf 80' lang='lat' dir='ltr'><strong>selibram</strong></span> <span class='ocrx_word' id='word_1_192' title='bbox 1332 3375 1552 3496; x_wconf 72' lang='lat' dir='ltr'><strong>plumbeam</strong></span> <span class='ocrx_word' id='word_1_193' title='bbox 1576 3391 1744 3496; x_wconf 63' lang='lat' dir='ltr'><strong>poetam</strong></span> <span class='ocrx_word' id='word_1_194' title='bbox 1775 3389 2011 3505; x_wconf 65' lang='lat' dir='ltr'><strong>appellare(</strong></span> 
     </span>
     <span class='ocr_line' id='line_1_23' title="bbox 318 3507 1978 3634; baseline 0.001 -24"><span class='ocrx_word' id='word_1_195' title='bbox 318 3525 388 3610; x_wconf 84' lang='lat' dir='ltr'><strong>sex</strong></span> <span class='ocrx_word' id='word_1_196' title='bbox 415 3517 613 3603; x_wconf 85' lang='lat' dir='ltr'><strong>sestertios</strong></span> <span class='ocrx_word' id='word_1_197' title='bbox 646 3531 803 3599; x_wconf 90' lang='lat' dir='ltr'><strong>numos</strong></span> <span class='ocrx_word' id='word_1_198' title='bbox 834 3535 991 3616; x_wconf 85' lang='lat' dir='ltr'><strong>aereos,</strong></span> <span class='ocrx_word' id='word_1_199' title='bbox 1013 3507 1209 3628; x_wconf 80' lang='lat' dir='ltr'><strong>plumbeos</strong></span> <span class='ocrx_word' id='word_1_200' title='bbox 1235 3537 1375 3602; x_wconf 85' lang='lat' dir='ltr'><strong>autem</strong></span> <span class='ocrx_word' id='word_1_201' title='bbox 1406 3539 1542 3600; x_wconf 80' lang='lat' dir='ltr'><strong>rumor</strong></span> <span class='ocrx_word' id='word_1_202' title='bbox 1556 3537 1719 3604; x_wconf 84' lang='lat' dir='ltr'><strong>aeream</strong></span> <span class='ocrx_word' id='word_1_203' title='bbox 1748 3547 1978 3634; x_wconf 85' lang='lat' dir='ltr'><strong>monetam,</strong></span> 
     </span>
     <span class='ocr_line' id='line_1_24' title="bbox 319 3639 2012 3770; baseline 0.002 -23"><span class='ocrx_word' id='word_1_204' title='bbox 319 3664 387 3748; x_wconf 89' lang='lat' dir='ltr'><strong>cui</strong></span> <span class='ocrx_word' id='word_1_205' title='bbox 407 3653 649 3770; x_wconf 86' lang='lat' dir='ltr'><strong>plurimum.</strong></span> <span class='ocrx_word' id='word_1_206' title='bbox 665 3639 825 3760; x_wconf 91' lang='lat' dir='ltr'><strong>plumbi</strong></span> <span class='ocrx_word' id='word_1_207' title='bbox 848 3643 1096 3750; x_wconf 86' lang='lat' dir='ltr'><strong>admixtum,</strong></span> <span class='ocrx_word' id='word_1_208' title='bbox 1119 3667 1243 3761; x_wconf 86' lang='lat' dir='ltr'><strong>atque</strong></span> <span class='ocrx_word' id='word_1_209' title='bbox 1258 3644 1355 3752; x_wconf 86' lang='lat' dir='ltr'><strong>salli,</strong></span> <span class='ocrx_word' id='word_1_210' title='bbox 1382 3653 1456 3764; x_wconf 89' lang='lat' dir='ltr'><strong>qul</strong></span> <span class='ocrx_word' id='word_1_211' title='bbox 1477 3670 1551 3735; x_wconf 91' lang='lat' dir='ltr'><strong>eos</strong></span> <span class='ocrx_word' id='word_1_212' title='bbox 1576 3655 1787 3768; x_wconf 82' lang='lat' dir='ltr'><strong>accipiunt</strong></span> <span class='ocrx_word' id='word_1_213' title='bbox 1808 3681 1979 3770; x_wconf 80' lang='lat' dir='ltr'><strong>numos,</strong></span> <span class='ocrx_word' id='word_1_214' title='bbox 2010 3765 2012 3770; x_wconf 10' lang='grc' dir='ltr'><em>Α</em></span> 
     </span>
     <span class='ocr_line' id='line_1_25' title="bbox 321 3777 1979 3906; baseline 0.001 -26"><span class='ocrx_word' id='word_1_215' title='bbox 321 3819 373 3880; x_wconf 86' lang='lat' dir='ltr'><strong>ex</strong></span> <span class='ocrx_word' id='word_1_216' title='bbox 393 3780 569 3906; x_wconf 92' lang='lat' dir='ltr'><strong>plumbo</strong></span> <span class='ocrx_word' id='word_1_217' title='bbox 591 3777 816 3882; x_wconf 80' lang='lat' dir='ltr'><strong>conflatos,</strong></span> <span class='ocrx_word' id='word_1_218' title='bbox 844 3780 1005 3876; x_wconf 73' lang='lat' dir='ltr'><strong>convo.</strong></span> <span class='ocrx_word' id='word_1_219' title='bbox 1038 3801 1360 3870; x_wconf 73' lang='lat' dir='ltr'><strong>turmasrvs</strong></span> <span class='ocrx_word' id='word_1_220' title='bbox 1386 3791 1452 3897; x_wconf 83' lang='lat' dir='ltr'><strong>(g)</strong></span> <span class='ocrx_word' id='word_1_221' title='bbox 1487 3793 1747 3896; x_wconf 73' lang='lat' dir='ltr'><strong>pronunciat</strong></span> <span class='ocrx_word' id='word_1_222' title='bbox 1801 3789 1979 3904; x_wconf 88' lang='lat' dir='ltr'><strong>Verum,</strong></span> 
     </span>
     <span class='ocr_line' id='line_1_26' title="bbox 321 3913 1980 4041; baseline -0.002 -25"><span class='ocrx_word' id='word_1_223' title='bbox 321 3955 378 4017; x_wconf 85' lang='lat' dir='ltr'><strong>ne.</strong></span> <span class='ocrx_word' id='word_1_224' title='bbox 398 3923 571 4041; x_wconf 90' lang='lat' dir='ltr'><strong>ipseper</strong></span> <span class='ocrx_word' id='word_1_225' title='bbox 605 3943 791 4007; x_wconf 87' lang='lat' dir='ltr'><strong>errorem</strong></span> <span class='ocrx_word' id='word_1_226' title='bbox 813 3916 862 4002; x_wconf 82' lang='lat' dir='ltr'><strong>stt</strong></span> <span class='ocrx_word' id='word_1_227' title='bbox 881 3913 1042 4030; x_wconf 83' lang='lat' dir='ltr'><strong>lapsus,</strong></span> <span class='ocrx_word' id='word_1_228' title='bbox 1069 3915 1184 4032; x_wconf 90' lang='lat' dir='ltr'><strong>quod</strong></span> <span class='ocrx_word' id='word_1_229' title='bbox 1203 3941 1366 4021; x_wconf 82' lang='lat' dir='ltr'><strong>verear,</strong></span> <span class='ocrx_word' id='word_1_230' title='bbox 1392 3914 1552 4007; x_wconf 89' lang='lat' dir='ltr'><strong>habeo.</strong></span> <span class='ocrx_word' id='word_1_231' title='bbox 1578 3922 1727 4026; x_wconf 90' lang='lat' dir='ltr'><strong>immo,</strong></span> <span class='ocrx_word' id='word_1_232' title='bbox 1749 3927 1914 4035; x_wconf 88' lang='lat' dir='ltr'><strong>virum,</strong></span> <span class='ocrx_word' id='word_1_233' title='bbox 1936 3959 1980 4020; x_wconf 83' lang='lat' dir='ltr'><strong>a·</strong></span> 
     </span>
     <span class='ocr_line' id='line_1_27' title="bbox 323 4047 1980 4178; baseline -0.004 -31"><span class='ocrx_word' id='word_1_234' title='bbox 323 4064 396 4148; x_wconf 84' lang='lat' dir='ltr'><strong>lias</strong></span> <span class='ocrx_word' id='word_1_235' title='bbox 422 4052 672 4172; x_wconf 54' lang='lat' dir='ltr'><strong>neandrum,</strong></span> <span class='ocrx_word' id='word_1_236' title='bbox 700 4047 815 4140; x_wconf 88' lang='lat' dir='ltr'><strong>hac</strong></span> <span class='ocrx_word' id='word_1_237' title='bbox 802 4075 847 4136; x_wconf 91' lang='grc' dir='ltr'><strong>ιιι</strong></span> <span class='ocrx_word' id='word_1_238' title='bbox 876 4075 921 4135; x_wconf 88' lang='lat' dir='ltr'><strong>re</strong></span> <span class='ocrx_word' id='word_1_239' title='bbox 938 4049 1137 4164; x_wconf 88' lang='lat' dir='ltr'><strong>peccasse,</strong></span> <span class='ocrx_word' id='word_1_240' title='bbox 1160 4051 1278 4166; x_wconf 86' lang='lat' dir='ltr'><strong>plane</strong></span> <span class='ocrx_word' id='word_1_241' title='bbox 1309 4047 1405 4137; x_wconf 89' lang='lat' dir='ltr'><strong>scio.</strong></span> <span class='ocrx_word' id='word_1_242' title='bbox 1458 4053 1629 4138; x_wconf 82' lang='grc' dir='ltr'><strong>Ριιοιί</strong></span> <span class='ocrx_word' id='word_1_243' title='bbox 1616 4079 1662 4136; x_wconf 88' lang='grc' dir='ltr'><strong>ιιι</strong></span> <span class='ocrx_word' id='word_1_244' title='bbox 1686 4049 1795 4156; x_wconf 93' lang='lat' dir='ltr'><strong>loco,</strong></span> <span class='ocrx_word' id='word_1_245' title='bbox 1819 4063 1980 4178; x_wconf 72' lang='lat' dir='ltr'><strong>nigram</strong></span> 
     </span>
     <span class='ocr_line' id='line_1_28' title="bbox 323 4159 1981 4356; baseline 0.003 -77"><span class='ocrx_word' id='word_1_246' title='bbox 323 4210 530 4293; x_wconf 79' lang='lat' dir='ltr'><strong>moretm,</strong></span> <span class='ocrx_word' id='word_1_247' title='bbox 543 4208 585 4273; x_wconf 91' lang='lat' dir='ltr'><strong>et</strong></span> <span class='ocrx_word' id='word_1_248' title='bbox 599 4159 822 4304; x_wconf 74' lang='lat' dir='ltr'><strong>plumbeam</strong></span> <span class='ocrx_word' id='word_1_249' title='bbox 835 4175 1038 4298; x_wconf 73' lang='lat' dir='ltr'><strong>selibram</strong></span> <span class='ocrx_word' id='word_1_250' title='bbox 1053 4181 1217 4300; x_wconf 84' lang='lat' dir='ltr'><strong>phrases</strong></span> <span class='ocrx_word' id='word_1_251' title='bbox 1243 4179 1342 4314; x_wconf 85' lang='lat' dir='ltr'><strong>elle,</strong></span> <span class='ocrx_word' id='word_1_252' title='bbox 1365 4206 1496 4271; x_wconf 87' lang='lat' dir='ltr'><strong>unam</strong></span> <span class='ocrx_word' id='word_1_253' title='bbox 1529 4179 1787 4300; x_wconf 88' lang='lat' dir='ltr'><strong>eandemque</strong></span> <span class='ocrx_word' id='word_1_254' title='bbox 1812 4219 1906 4284; x_wconf 88' lang='lat' dir='ltr'><strong>rem</strong></span> <span class='ocrx_word' id='word_1_255' title='bbox 1921 4200 1981 4356; x_wconf 37' lang='lat' dir='ltr'><strong>&#39;ii-</strong></span> 
     </span>
    </p>
   </div>
   <div class='ocr_carea' id='block_1_7' title="bbox 326 4567 1981 4828">
    <p class='ocr_par' dir='ltr' id='par_1_7' title="bbox 326 4567 1981 4828">
     <span class='ocr_line' id='line_1_29' title="bbox 326 4567 1853 4726; baseline -0.001 -24"><span class='ocrx_word' id='word_1_256' title='bbox 326 4631 374 4720; x_wconf 73' lang='grc' dir='ltr'><strong>(ιι)</strong></span> <span class='ocrx_word' id='word_1_257' title='bbox 396 4628 482 4701; x_wconf 80' lang='lat' dir='ltr'><strong>Vide</strong></span> <span class='ocrx_word' id='word_1_258' title='bbox 509 4649 602 4700; x_wconf 88' lang='grc' dir='ltr'><strong>ιοιι.</strong></span> <span class='ocrx_word' id='word_1_259' title='bbox 627 4644 790 4698; x_wconf 77' lang='lat' dir='ltr'><strong>rnrorr.</strong></span> <span class='ocrx_word' id='word_1_260' title='bbox 823 4643 1072 4698; x_wconf 76' lang='lat' dir='ltr'><strong>oroneovrvrt</strong></span> <span class='ocrx_word' id='word_1_261' title='bbox 1095 4623 1136 4696; x_wconf 82' lang='lat' dir='ltr'><strong>de</strong></span> <span class='ocrx_word' id='word_1_262' title='bbox 1178 4623 1226 4707; x_wconf 83' lang='lat' dir='ltr'><strong>&lt;sl</strong></span> <span class='ocrx_word' id='word_1_263' title='bbox 1246 4625 1287 4698; x_wconf 82' lang='lat' dir='ltr'><strong>ln</strong></span> <span class='ocrx_word' id='word_1_264' title='bbox 1307 4625 1437 4716; x_wconf 73' lang='lat' dir='ltr'><strong>Castore</strong></span> <span class='ocrx_word' id='word_1_265' title='bbox 1449 4567 1691 4724; x_wconf 55' lang='lat' dir='ltr'><strong>melmun.</strong></span> <span class='ocrx_word' id='word_1_266' title='bbox 1706 4629 1752 4726; x_wconf 78' lang='lat' dir='ltr'><strong>sq.</strong></span> <span class='ocrx_word' id='word_1_267' title='bbox 1850 4687 1853 4700; x_wconf 89' lang='lat'><em>.</em></span> 
     </span>
     <span class='ocr_line' id='line_1_30' title="bbox 384 4731 1981 4828; baseline 0.004 -20"><span class='ocrx_word' id='word_1_268' title='bbox 384 4737 556 4828; x_wconf 71' lang='lat' dir='ltr'><strong>sestertiis,</strong></span> <span class='ocrx_word' id='word_1_269' title='bbox 568 4733 622 4806; x_wconf 86' lang='lat' dir='ltr'><strong>lib</strong></span> <span class='ocrx_word' id='word_1_270' title='bbox 637 4731 678 4810; x_wconf 81' lang='lat'><strong>11.</strong></span> <span class='ocrx_word' id='word_1_271' title='bbox 695 4755 766 4825; x_wconf 82' lang='lat' dir='ltr'><strong>erp.</strong></span> <span class='ocrx_word' id='word_1_272' title='bbox 780 4745 811 4816; x_wconf 77' lang='lat'><strong>8.</strong></span> <span class='ocrx_word' id='word_1_273' title='bbox 826 4731 1038 4826; x_wconf 67' lang='lat' dir='ltr'><strong>popm-sqq.</strong></span> <span class='ocrx_word' id='word_1_274' title='bbox 1180 4745 1227 4824; x_wconf 77' lang='lat' dir='ltr'><strong>(g)</strong></span> <span class='ocrx_word' id='word_1_275' title='bbox 1241 4731 1279 4802; x_wconf 89' lang='lat' dir='ltr'><strong>lo</strong></span> <span class='ocrx_word' id='word_1_276' title='bbox 1295 4738 1541 4806; x_wconf 76' lang='lat' dir='ltr'><strong>Commentariis.</strong></span> <span class='ocrx_word' id='word_1_277' title='bbox 1551 4735 1598 4808; x_wconf 79' lang='lat' dir='ltr'><strong>ad</strong></span> <span class='ocrx_word' id='word_1_278' title='bbox 1617 4760 1737 4812; x_wconf 75' lang='lat' dir='ltr'><strong>conv.</strong></span> <span class='ocrx_word' id='word_1_279' title='bbox 1752 4765 1907 4822; x_wconf 82' lang='lat' dir='ltr'><strong>v-orrrcr</strong></span> <span class='ocrx_word' id='word_1_280' title='bbox 1928 4757 1981 4825; x_wconf 71' lang='lat' dir='ltr'><strong>vt.</strong></span> 
     </span>
    </p>
   </div>
   <div class='ocr_carea' id='block_1_8' title="bbox 216 4845 1982 5045">
    <p class='ocr_par' dir='ltr' id='par_1_8' title="bbox 216 4845 1982 5045">
     <span class='ocr_line' id='line_1_31' title="bbox 216 4845 1982 4956; baseline 0.003 -38"><span class='ocrx_word' id='word_1_281' title='bbox 216 4918 223 4928; x_wconf 76' lang='lat'><strong>,</strong></span> <span class='ocrx_word' id='word_1_282' title='bbox 326 4849 376 4936; x_wconf 83' lang='lat' dir='ltr'><strong>(tl)</strong></span> <span class='ocrx_word' id='word_1_283' title='bbox 393 4847 431 4916; x_wconf 91' lang='lat' dir='ltr'><strong>ln</strong></span> <span class='ocrx_word' id='word_1_284' title='bbox 447 4849 563 4927; x_wconf 74' lang='lat' dir='ltr'><strong>lienis,</strong></span> <span class='ocrx_word' id='word_1_285' title='bbox 573 4863 686 4930; x_wconf 71' lang='lat' dir='ltr'><strong>nm</strong></span> <span class='ocrx_word' id='word_1_286' title='bbox 1017 4887 1021 4896; x_wconf 89' lang='lat'><em>·</em></span> <span class='ocrx_word' id='word_1_287' title='bbox 1243 4845 1891 4944; x_wconf 68' lang='lat' dir='ltr'><strong>rrmTorsrl,1mprrrttrir„CalellL</strong></span> <span class='ocrx_word' id='word_1_288' title='bbox 1906 4881 1982 4956; x_wconf 61' lang='lat' dir='ltr'><strong>paga</strong></span> 
     </span>
     <span class='ocr_line' id='line_1_32' title="bbox 326 4953 1341 5045; baseline 0 -17"><span class='ocrx_word' id='word_1_289' title='bbox 326 4968 370 5034; x_wconf 84' lang='lat' dir='ltr'><strong>(e)</strong></span> <span class='ocrx_word' id='word_1_290' title='bbox 393 4957 430 5026; x_wconf 90' lang='lat' dir='ltr'><strong>ln</strong></span> <span class='ocrx_word' id='word_1_291' title='bbox 441 4954 549 5039; x_wconf 77' lang='lat' dir='ltr'><strong>Puro,</strong></span> <span class='ocrx_word' id='word_1_292' title='bbox 565 4975 586 5022; x_wconf 93' lang='grc' dir='ltr'><strong>ι.</strong></span> <span class='ocrx_word' id='word_1_293' title='bbox 596 4975 622 5020; x_wconf 85' lang='lat' dir='ltr'><strong>v.</strong></span> <span class='ocrx_word' id='word_1_294' title='bbox 632 4953 705 5045; x_wconf 79' lang='lat'><strong>863.</strong></span> <span class='ocrx_word' id='word_1_295' title='bbox 718 4966 751 5024; x_wconf 84' lang='lat' dir='ltr'><strong>et</strong></span> <span class='ocrx_word' id='word_1_296' title='bbox 764 4962 837 5044; x_wconf 78' lang='lat'>958.</span> <span class='ocrx_word' id='word_1_297' title='bbox 1244 4957 1319 5038; x_wconf 87' lang='lat'><strong>608.</strong></span> <span class='ocrx_word' id='word_1_298' title='bbox 1337 5025 1341 5028; x_wconf 84' lang='lat'>.</span> 
     </span>
    </p>
   </div>
   <div class='ocr_carea' id='block_1_9' title="bbox 0 0 2278 6052">
    <p class='ocr_par' dir='ltr' id='par_1_9' title="bbox 0 0 2278 6052">
     <span class='ocr_line' id='line_1_33' title="bbox 0 0 2278 6052; baseline 0 0"><span class='ocrx_word' id='word_1_299' title='bbox 0 0 2278 6052; x_wconf 95' lang='lat' dir='ltr'><strong> </strong></span> 
     </span>
    </p>
   </div>
  </div>
 </body>
</html>
