4500 6058
415 635 420 646 ¹
975 508 1114 612 del
1150 527 1201 607 74
1251 497 1368 609 lit

335 675 670 772 conciliabimus:
700 673 730 760 li
761 671 1212 790 statuamus‚amplum
1234 679 1403 789 occiput
1422 689 1654 791 utrumque
1677 669 1918 792 significate.
1943 675 2013 763 Fi·
2068 690 2079 702 ·

215 880 218 889 ·
306 853 309 870 ·
341 811 504 906 diffima
522 817 635 920 enim
664 806 815 926 polleat
835 817 1051 914 memoria,
1067 804 1224 896 necelle
1249 807 1319 914 est,
1346 813 1429 924 qui·
1444 811 1642 923 praeclari
1664 816 1821 928 ingenii
1846 804 2012 901 laudern

327 967 592 1062 aucupatum
631 945 747 1032 sicuti
777 973 799 1032 e
832 946 1059 1047 contrario,
1091 944 1297 1028 memoria
1324 941 1394 1028 vel
1417 947 1664 1052 imminuta,
1696 947 1764 1036 vel
1796 945 2012 1048 destructa,

339 1087 557 1197 ingenium
577 1104 745 1196 quoque
762 1075 966 1176 decrescit,
978 1094 1048 1161 aut
1069 1072 1290 1162 destruitur
1314 1081 1412 1188 (m).
1468 1078 1531 1166 Ac
1546 1101 1656 1166 certe
1680 1079 1823 1167 floruit
1838 1076 2014 1166 Hadri&
2131 1185 2135 1194 ¹

343 1243 426 1305 nus
458 1243 558 1304 cum
580 1217 785 1334 memoria
807 1209 1119 1322 propemodum
1145 1207 1302 1312 divina,
1325 1230 1418 1296 tum
1436 1215 1607 1326 ingenio
1627 1212 1871 1308 admirabili.
1889 1217 2011 1302 Num

344 1357 459 1441 enim
490 1355 673 1436 tenacior
701 1347 770 1436 vel
804 1339 909 1456 fingi
940 1350 1079 1457 potuit
1103 1348 1329 1448 memoria,
1364 1373 1493 1461 quam
1518 1325 1653 1463 quae,
1670 1353 1852 1464 ingentis
1877 1345 2015 1435 homi·

346 1515 452 1582 num
475 1484 631 1589 turbae,
649 1489 857 1599 principes
876 1477 1096 1583 salutantis,
1119 1485 1293 1568 nomina
1311 1465 1494 1598 propria,
1520 1489 1656 1570 immo
1672 1491 1857 1598 integros
1874 1481 2017 1583 libros,

344 1626 469 1712 semel
493 1621 715 1738 perlectos,
749 1617 934 1723 reddere,
961 1615 1152 1704 valebat?
1181 1642 1287 1730 quae
1307 1626 1489 1708 rationes
1507 1625 1672 1735 imperii
1694 1623 1891 1722 Romani,
1909 1615 2015 1704 adeo

346 1767 477 1874 longe
502 1743 661 1870 lateq'ue
678 1759 868 1869 patentis,
890 1774 937 1842 ut
958 1749 1089 1838 ferme
1108 1751 1280 1846 aiteram
1303 1751 1439 1858 orbis,
1466 1754 1568 1841 olim
1597 1760 1768 1867 cogniti,
1794 1747 2018 1866 occuparet

344 1915 519 2012 partem,
534 1897 591 1978 ita
609 1909 696 1975 erat
723 1888 981 2003 complexus,
1008 1907 1055 1971 ut
1074 1883 1253 1972 domum
1281 1891 1488 2002 privatam
1527 1885 1821 2004 paterfamilias
1844 1887 2020 2000 diligens

353 2029 557 2124 nonsatis
579 2025 774 2110 noverit?
805 2029 962 2112 Nonne
971 2016 1246 2138 promtiffima
1263 2047 1360 2108 eum
1385 2019 1688 2138 fuiffefoportet
1712 2027 1931 2126 memoria,
1943 2022 2019 2137 qui

348 2194 438 2259 uno
463 2161 696 2275 eodemque
721 2179 911 2273 tempore
938 2181 979 2245 et
999 2153 1184 2258 scribere,
1212 2173 1253 2242 et
1282 2157 1448 2258 dictare,
1473 2177 1514 2244 et
1537 2159 1701 2262 audire,
1724 2178 1887 2247 etcum
1914 2163 2017 2246 ami·

349 2311 409 2394 cis
433 2301 569 2414 potuit
599 2289 886 2380 confabulari?
918 2293 1036 2380 Haec
1052 2293 1208 2376 omnia
1237 2309 1341 2377 vero
1365 2290 1588 2405 praestare,
1612 2292 1644 2378 sr
1672 2287 1800 2379 fidem
1826 2290 2021 2379 adhibere

351 2439 448 2526 licet
474 2457 588 2519 aaa.
617 2449 934 2514 sannrrnno
963 2423 1054 2537 (n),
1079 2429 1200 2510 toties
1226 2427 1310 2510 iam
1325 2430 1516 2530 excitato,
1545 2422 1770 2514 ludus'fuit
1791 2425 2021 2527 Hadriano,

352 2557 537 2671 meandri,
559 2557 687 2651 verba
716 2567 846 2649 recito
876 2591 909 2650 s.
943 2581 1130 2647 avant„
1159 2585 1415 2649 vrcroitis
1444 2567 1528 2670 (o),
1550 2558 1678 2680 firpra
1703 2591 1820 2682 quom
1841 2564 2021 2680 cuiquam

353 2705 539 2800 credibile
563 2702 628 2815 est,
654 2704 727 2813 qui
745 2696 854 2800 locos,
885 2699 1052 2812 negotia,
1081 2695 1237 2800 milites,
1257 2693 1441 2811 absentes
1459 2725 1619 2812 quoque,
1636 2697 1861 2787 *nominibus
1884 2725 2022 2812 secen-
2135 2698 2139 2712 '

254 2829 257 2834 ¹
345 2853 440 2970 sere
458 2849 604 2961 potuit.
659 2839 791 2932 iidem
818 2831 998 2921 historici
1028 2835 1108 2948 (p)
1138 2829 1328 2919 laudibus
1358 2849 1527 2950 quoque
1553 2831 1760 2922 celebrant
1783 2834 2022 2924 incredibile

356 2981 559 3070 Hadriani
580 2979 811 3093 ingenium,
839 2967 892 3055 ad
917 2973 1060 3054 omnia
1079 2973 1136 3053 ita
1163 2966 1360 3070 versatile,
1385 2988 1432 3052 ut
1455 2987 1579 3056 natus
1602 2969 1653 3056 ad
1675 2969 1717 3057 id
1744 2995 1879 3058 unum
1905 2968 2021 3060 vide·

353 3136 483 3222 retur,
508 3109 789 3229 quodcunque
815 3101 973 3216 agebat.
1029 3107 1132 3189 Non
1169 3100 1303 3189 solum
1337 3106 1452 3186 enim
1481 3105 1638 3215 potitus
1662 3124 1750 3230 erat
1775 3105 1920 3192 litteris
1945 3104 2023 3194 hu·

356 3247 617 3343 manioribus
640 3263 681 3334 et
711 3235 910 3328 omnibus
953 3236 1271 3325 Atheniensium
1311 3235 1456 3323 studiis
1483 3263 1497 3340 3
1544 3261 1683 3352 neque
1717 3223 1881 3328 tantum
1909 3241 2024 3332 disci·

356 3390 480 3510 plinio
505 3381 692 3484 canendi,
718 3371 926 3492 psallendi,
953 3369 1140 3495 fingendi
1164 3368 1444 3485 pingendique
1470 3370 1574 3458 adeo
1596 3371 1884 3483 e'xcelluit,ut
1903 3375 2025 3466 nobi·

356 3520 610 3611 liffimorum
640 3498 847 3599 {artificum
875 3505 1409 3623 conlequeretur'gloriam:
1442 3502 1715 3594 sedmultum
1738 3511 1908 3630 quoque
1932 3539 2023 3602 ver.

248 3672 254 3682 '
358 3657 468 3746 satus
492 3649 570 3736 fuit
591 3656 634 3735 in
647 3643 828 3754 historia,
849 3637 1131 3744 arithmetica,
1155 3645 1384 3754 geometria
1424 3659 1464 3725 et
1492 3638 1776 3734 architectura.
1836 3651 1907 3754 Et,
1922 3648 2025 3738 stcu·
2104 3651 2106 3658 ’

322 3825 331 3844 ·
358 3797 391 3882 ti
416 3787 567 3877 harum
590 3788 743 3872 artium
784 3775 1007 3900 nonnullas
1037 3775 1193 3888 scriptis
1211 3778 1364 3888 partim
1397 3772 1635 3880 illustravit,
1671 3785 1819 3886 partim
1843 3782 2027 3896 locuple·¹

360 3931 462 4021 tavit
492 3921 582 4037 (q):
609 3917 665 4008 fi'c
697 3914 820 4002 etiam
856 3907 1050 4000 medendi
1085 3895 1217 4000 haulit
1248 3907 1457 3996 scientiam
1471 3969 1484 4015 ,
1513 3911 1707 4025 variaque
1730 3911 1813 4029 ipse
1840 3917 2027 4004 remedia
2068 4008 2074 4017 ,

935 4039 942 4052 ’
1829 4145 1833 4152 ,
1908 4054 2024 4157 inve·
2137 4164 2155 4205 ι

1881 4206 1903 4256 Γ

378 4333 1036 4377 μμ--ῡμ--ῃ
1277 4358 1283 4373 ’
1375 4329 1527 4352 3-
1883 4299 1887 4307 ¹

365 4543 512 4640 (mlvii.
537 4555 699 4610 enarer.
724 4555 871 4615 wolon
887 4531 1168 4628 pfflcdologiaem·
1211 4538 1259 4611 (ο)
1281 4487 1526 4622 Ερίεῶιηιοω
1539 4529 1648 4600 citato,
1735 4563 1742 4576 .

405 4659 545 4748 limi&
562 4647 597 4740 5·
615 4657 689 4734 480.
702 4643 958 4740 olpsnmlogta
980 4643 1168 4724 rationulis,
1211 4650 1262 4732 (p)
1286 4657 1568 4718 srnnnrnuva,
1587 4637 1668 4726 Cap.
1681 4639 1865 4734 xliii-noa·
1882 4659 1942 4730 1⁴3·
1957 4643 2028 4736 [π’
2086 4615 2094 4632 ’
2224 4615 2225 4673 i

427 4764 454 4854 §-
471 4765 543 4850 476·
792 4795 797 4804 '
816 4795 821 4802 “
1058 4814 1080 4836 .,
1275 4765 1487 4833 etvrcnon
1507 4796 1519 4830 ,
1541 4750 1616 4834 loco
1630 4753 1737 4825 citata.

361 4881 414 4970 (n)
436 4877 516 4966 Cap.
536 4871 607 4946 xli
622 4894 695 4964 pag.
711 4823 870 4954 lanfran
907 4840 912 4852 ¹
937 4818 944 4842 k
1215 4857 1266 4950 lq)
1289 4857 1362 4928 Vid·
1388 4861 2004 4958 saturianus,convniam.
