4504 6060
962 451 1366 554 *hess*

344 623 406 720 bis
433 619 712 712 habitatorum
745 614 1054 718 conditionem,
1097 619 1341 730 ingenium,
1366 613 1565 721 instituta,
1600 613 1731 708 studia
1773 631 1903 736 atque·
1926 646 1994 712 res

344 757 477 872 gestas
507 745 837 870 repraesentasse,
866 748 1206 865 imperspicuum
1239 743 1336 836 fecit
1378 772 1484 836 rou.
1536 774 1795 841 eornorn.
1842 740 1993 842 asnrss

343 913 638 980 uncnruvs
675 883 775 997 (q),
801 901 850 968 ut
877 907 967 970 non
999 886 1267 986 coniectura,
1307 876 1375 967 sed
1399 879 1532 968 oculis
1566 881 1692 971 veluti
1724 911 1773 970 ac
1802 883 1993 972 manibus

345 1051 459 1112 nunc
485 1037 679 1107 terreatur.
719 1015 785 1101 Sic
817 1037 987 1131 quoque
1012 1011 1134 1102 ludus
1155 1013 1275 1120 soret,
1303 1018 1580 1127 argumentis,
1596 1039 1690 1122 ‚non
1713 1043 1817 1130 quae
1835 1015 1996 1131 persua·
2053 1073 2060 1082 -

343 1157 453 1256 dent,
470 1147 537 1236 sed
552 1146 683 1235 ferme
701 1164 871 1257 cogunt,
889 1143 1117 1243 ostendere,
1142 1146 1353 1260 semicapri
1374 1147 1511 1232 Panos
1526 1149 1708 1258 imagine
1723 1170 1882 1248 veteres
1891 1145 1995 1232 deti,

334 1279 480 1404 gnall‘e
501 1276 727 1379 Pheneum,
749 1272 859 1362 haud
889 1273 1119 1389 ignobilem
1146 1276 1343 1364 Arcadiae
1369 1273 1530 1397 urbem,
1554 1279 1723 1393 eiusque
1761 1278 1999 1366 incolarum

343 1441 485 1507 mores
514 1430 555 1498 et
578 1411 766 1523 negotia:
789 1405 896 1494 hanc
918 1412 1133 1494 materiam
1155 1410 1343 1521 praesens
1363 1411 1392 1495 sr
1410 1429 1573 1522 caperet
1595 1409 1733 1510 locus,
1747 1434 1823 1497 nec
1847 1410 1995 1497 consti·

342 1546 482 1638 tutum
515 1537 772 1642 haberemus,
801 1563 892 1624 eam
928 1539 1124 1654 peculiari
1146 1537 1281 1626 libello
1301 1535 1565 1642 Academico,
1588 1537 1709 1640 olim,
1731 1539 1763 1623 fi
1786 1537 1889 1626 deus
1919 1549 2002 1626 vos

342 1683 418 1783 let,
452 1670 637 1774 edendo,
683 1668 897 1784 perpolire.
951 1675 1043 1757 Nec
1069 1675 1211 1760 minus
1242 1673 1378 1760 Asiani
1399 1669 1480 1760 hoc
1502 1671 1684 1758 solemne
1704 1668 1917 1756 servarunt
1934 1687 2000 1772 ,ut

343 1811 468 1902 urbes
486 1809 575 1894 suas
589 1801 744 1890 divinis
766 1802 1106 1916 prosequerentur
1126 1803 1375 1904 honoribus;
1408 1801 1767 1917 quemadmodum
1788 1805 1996 1918 exempla,

338 1947 471 2062 plenis
495 1937 621 2026 veluti
649 1931 828 2039 calathis,
863 1941 909 2022 in
935 1933 1122 2022 medium
1141 1935 1192 2021 ab
1230 1961 1429 2024 surore.
1459 1960 1746 2024 nvmrouro
1783 1940 1841 2041 (r)
1868 1935 1995 2042 allata,

343 2077 530 2168 dubitare
561 2070 698 2156 finunt
720 2061 946 2153 neminem.
999 2065 1128 2174 Qud
1154 2071 1291 2180 itaque
1319 2065 1463 2179 populi
1497 2063 1611 2152 orbis
1638 2069 1789 2154 veteris
1815 2066 1995 2182 plerique

346 2220 455 2302 circa
481 2202 651 2292 urbium
685 2200 851 2286 suarum
883 2197 1235 2286 consecrationem
1260 2194 1513 2301 observasse,
1540 2193 1706 2283 abunde
1734 2195 1998 2310 confirmant,

341 2372 447 2464 quae
482 2337 678 2428 hactenus
707 2332 1044 2446 disputavimus:
1086 2328 1186 2418 illud
1209 2336 1256 2418 in
1275 2330 1465 2442 Aegypto
1493 2353 1661 2444 quoque
1687 2329 1761 2416 usu
1788 2327 1904 2422 fuiffe
1934 2363 1997 2424 re·

345 2472 542 2594 ceptum,
590 2464 756 2555 Canobi
787 2463 991 2551 docemur
1020 2463 1224 2577 exemplo.
1292 2467 1386 2554 Sive
1421 2466 1534 2550 enim
1566 2467 1754 2552 numinis
1774 2463 1898 2555 huius
1914 2489 1998 2556 'no-

341 2637 442 2702 rnen
460 2601 768 2696 confideremus
789 2594 1149 2710 fimulacrumque,
1184 2596 1285 2683 ficut
1301 2593 1383 2682 boc
1406 2622 1503 2682 cum
1523 2600 1568 2682 in
1585 2599 1996 2712 numismatenostro,

343 2747 490 2836 tumin
511 2738 600 2826 aliis
626 2733 912 2834 monumentis
930 2734 1139 2844 pingitur3
1164 2729 1248 2816 srve
1266 2735 1389 2814 etiarn
1413 2733 1681 2843 proprietates
1704 2733 1996 2849 expendamus,

343 2904 450 2995 quas
491 2872 565 2988 ipsr
601 2864 875 2954 attribuerunt
917 2861 1207 2976 superstitionis
1243 2861 1464 2948 antistites:
1533 2859 1634 2950 nibil
1678 2865 1773 2953 sane
1809 2873 1998 2960 animad-

343 3013 574 3104 vertimus,
602 3003 704 3113 qnin
728 2987 954 3082 commode
979 2991 1170 3104 explicari
1190 3012 1313 3106 queat
1329 2990 1380 3078 de
1403 2991 1505 3079 urbe
1533 2991 1805 3106 homonyma.
1858 3005 1996 3092 Huius

343 3146 457 3228 enim
481 3157 639 3224 nomen
662 3132 770 3244 gerit
792 3121 1043 3238 amphoreus
1068 3121 1135 3210 ille
1157 3122 1276 3212 deus:
1314 3129 1452 3212 immo
1482 3129 1570 3212 eius
1610 3127 1738 3216 statua
1762 3133 1997 3227 Canobicae

344 3275 520 3362 u'vitatis
541 3286 583 3358 et
609 3263 751 3364 satum,
787 3279 827 3346 et
852 3282 1004 3360 mores,
1029 3274 1071 3345 et
1099 3260 1207 3344 vitae
1242 3282 1376 3370 genus
1399 3276 1587 3346 accurate
1618 3267 1824 3376 exprimit.
1870 3241 2001 3379 Qud¹

343 3403 483 3522 paullo
511 3397 716 3514 copiosius
741 3389 1039 3506 dilucidiusque
1066 3388 1297 3504 ostendere,
1323 3417 1457 3506 quum
1474 3391 1707 3490 nostrarum
1723 3397 1772 3484 srt
1792 3408 1997 3514 partium:

293 3583 308 3596 ·
346 3565 404 3625 ne
442 3539 609 3620 inanem
653 3527 863 3637 suscipere
890 3520 1107 3610 videamur
1142 3549 1343 3638 operam,
1384 3525 1602 3614 inficienda
1632 3523 1700 3616 hic
1731 3535 1808 3619 erit
1839 3544 1996 3628 mentio

345 3695 453 3762 ron.
479 3682 758 3751 nnnnvrnr
783 3661 857 3762 (s),
885 3653 1122 3758 dubitantis,
1152 3684 1206 3742 an
1233 3683 1418 3772 unquam
1441 3660 1657 3774 oppidum,
1680 3663 1996 3758 Canobinomi·

348 3793 404 3894 ne
438 3793 720 3914 appellatum,
755 3795 799 3875 in
817 3787 1014 3902 Aegypto.
1048 3779 1264 3878 exstiterit..
1306 3795 1511 3908 Canopum,
1538 3800 1683 3912 inquit,
1715 3798 1889 3916 oppidum
1913 3804 2006 3895 Pla·

200 3917 208 3934 ⁹
348 3935 438 4020 nius
461 3951 652 4044 nusquam
677 3919 847 4035 apellat:
873 3918 980 4020 adro,
1008 3939 1064 4023 ut,
1085 3947 1140 4006 an
1154 3919 1203 4006 ab
1225 3922 1372 4038 oppido,
1397 3951 1453 4009 an
1472 3923 1522 4010 ab
1544 3925 1711 4034 homine,
1737 3927 2011 4043 velaliende,

345 4072 481 4164 datrtm
491 4059 549 4176 fit
582 4059 770 4173 Canopico
791 4049 884 4160 ostio
907 4081 1077 4161 nomen,
1116 4054 1223 4144 nobis
1245 4055 1372 4145 adhuc
1388 4060 1667 4178 incompertum
1682 4058 1747 4175 fit.
1806 4068 1887 4174 At,
1911 4065 1997 4158 sen·

352 4549 404 4637 (q)
423 4548 463 4614 ln
476 4539 738 4634 Antiquitatibm
747 4541 941 4609 Graecorum
942 4535 1067 4632 sacris,
1074 4535 1156 4609 Part.
1265 4541 1402 4631 Nenpol.
1418 4544 1508 4630 ¹⁶94
1530 4561 1571 4610 ra.
1586 4540 1684 4612 conf.
1729 4542 1812 4615 Asia
1831 4548 1994 4626 Mor,

415 4655 440 4724 1.
457 4675 524 4739 cap.
542 4674 572 4736 4.
583 4656 612 4744 ᾗ.
629 4673 658 4740 5.
679 4673 755 4742 pag.
771 4668 825 4730 ¹13·
841 4645 885 4736 sq,
1224 4643 1229 4654 ’
1262 4649 1313 4717 an.
1331 4646 1572 4717 MDCXCllll.
1589 4669 1658 4739 pag.
1677 4671 1736 4738 173,
1755 4649 1800 4740 sq.

345 4773 388 4851 (r)
416 4761 456 4832 ln
482 4761 740 4852 Regionamrnto
767 4759 897 4824 r‘ntnrno
931 4753 1014 4825 'd’vn
1047 4760 1154 4827 antico
1194 4765 1237 4838 (sl
1259 4757 1297 4824 ln
1313 4757 1408 4823 Notis
1420 4757 1466 4824 ad
1475 4757 1581 4828 Plinii
1591 4757 1699 4841 histor.
1713 4777 1781 4833 nat.
1796 4757 1851 4828 lib.
1873 4760 1910 4829 V.
1924 4780 1991 4854 cap.
2116 4747 2124 4754 ¹

407 4893 534 4950 marato
547 4868 721 4964 discoverto
734 4867 818 4938 neda
829 4865 913 4964 cirrd
932 4867 969 4946 dr·
986 4867 1150 4945 Pozzvolr't
1269 4885 1315 4938 10.
1331 4861 1402 4952 pag.
1421 4855 1493 4954 258·
1536 4878 1543 4890 ’
1605 4878 1610 4886 ·
1909 4849 1913 4856 ’
2002 4854 2008 4867 ’
