4500 6058
971 485 1019 590 a
1067 493 1099 587 )·
1136 504 1184 587 ⁷2
1230 485 1254 588 <
1302 485 1378 588 to*

288 770 292 778 ,
338 645 570 760 adversam,
589 647 636 741 in'
657 649 725 760 ea,
750 643 846 744 licet
865 649 1170 770 aliquantulum
1196 651 1246 739 sit
1283 649 1453 756 detrita,
1479 645 1623 742 tamen
1648 651 1807 746 necesse
1841 653 1902 746 est
1927 653 2005 748 oba

340 788 505 875 servent
530 786 702 902 vestigia
736 790 881 904 capitis
911 783 1017 874 bene
1056 788 1234 905 capillati
1273 805 1398 902 atque
1422 785 1614 874 undatim
1645 790 1777 906 crispi.
1832 791 2004 918 Horum

338 920 541 1036 posterius
566 945 655 1006 non
681 939 865 1024 naturae,
895 917 963 1008 sed
987 928 1086 1014 artic
1109 919 1227 1012 luisse
1254 945 1376 1036 opus,
1401 947 1455 1010 ex
1478 945 1592 1013 uc.
1618 947 1933 1014 camerano
1948 929 2002 1030 (t)

169 1075 175 1086 ·
337 1054 617 1169 intelligimus,
642 1051 769 1158 dum,
796 1052 1060 1150 Hadrianum
1081 1057 1194 1176 flexo
1208 1056 1267 1144 ad
1285 1057 1481 1174 pectinem
1502 1057 1636 1174 capillo
1654 1053 1793 1164 firilse,
1822 1057 2002 1160 testatur.

337 1197 444 1282 Sunt
465 1194 593 1294 enim,
608 1205 656 1274 ut
679 1207 791 1310 recte
816 1190 1007 1282 observat
1032 1219 1223 1282 convo.
1248 1215 1556 1283 sanuasrvs
1571 1194 1661 1305 (u),
1684 1192 1786 1284 flexi
1800 1193 1854 1284 ad
1867 1198 2001 1311 'pecti-

337 1323 437 1418 irem
452 1324 587 1442 capilli
602 1343 696 1414 ente
703 1323 811 1442 flexi
825 1348 865 1418 et
879 1326 1100 1444 calamistro
1124 1331 1308 1450 crispati5
1327 1329 1469 1448 quales
1486 1327 1686 1436 crinibus,
1709 1337 1893 1447 ingenio,
1908 1332 2002 1421 nul·

206 1494 212 1504 ·
335 1465 375 1554 la
398 1461 581 1555 adhibita
605 1479 704 1567 arte,
725 1459 859 1568 flexio,
876 1485 1160 1580 opponuntur.
1218 1467 1359 1556 Coma
1378 1490 1495 1570 vero,
1518 1465 1736 1554 calamistri
1760 1467 1928 1572 auxilio,
1954 1472 2002 1556 in

336 1600 493 1721 gradus
515 1597 665 1718 fracta,
690 1603 874 1687 maxima
900 1600 1011 1716 apud
1033 1600 1199 1716 priscos,
1214 1597 1411 1688 homines
1427 1596 1591 1688 ‚invidia
1619 1595 1847 1703 laboravit,
1876 1620 2001 1716 atque

335 1737 559 1829 iudubium
573 1732 760 1822 mollitiei
773 1735 1052 1824 existimatum
1073 1733 1130 1822 est
1154 1735 1377 1839 indicium3
1406 1735 1523 1824 sicuti
1543 1731 1723 1850 pmbant
1734 1731 1926 1822 veterum
1939 1757 2001 1824 te·

333 1875 541 1975 stimonia,
565 1869 697 1984 plenis
719 1868 849 1958 veluti
869 1867 1051 1974 calathis,
1082 1868 1209 1962 allata
1232 1868 1283 1959 ab
1308 1894 1470 1960 naua
1497 1893 1663 1957 ovum
1689 1866 1785 1982 (x),
1805 1895 1887 1958 nec
1910 1877 1999 1961 hon

332 2028 638 2104 munerans
656 2007 742 2114 ty),
777 2027 886 2124 quos
907 2000 1190 2112 adscribimus,
1218 2003 1406 2097 versiculi
1428 2007 1476 2095 in
1491 2005 1820 2120 Cmmeuionem
1835 1999 2000 2117 offeni,

213 2221 220 2234 .
330 2164 511 2242 natum:

493 2270 553 2365 Tu
578 2267 696 2390 flexa
728 2272 879 2364 nitidus
904 2296 1015 2365 coma
1037 2273 1235 2393 vagaris.-

497 2413 682 2530 Hispanis
699 2423 768 2524 eg'o
790 2431 1002 2500 contumcc
1020 2417 1180 2532 capillis.

291 2576 293 2580 ’
329 2554 425 2645 Nec
446 2545 637 2664 profecto
662 2542 748 2632 falfi
771 2542 943 2634 suerunt
969 2571 1153 2654 veteres,
1182 2571 1317 2662 quum
1341 2567 1395 2635 ex
1421 2545 1552 2669 nimia
1576 2543 1758 2635 mnium
1786 2571 1886 2643 cina
1908 2559 1996 2646 ani.

330 2711 455 2776 mum
480 2687 734 2774 coniicercnt
747 2699 790 2766 et
814 2678 1029 2789 lascivum,
1054 2705 1096 2774 et
1116 2680 1339 2772 timidum:
1363 2682 1394 2768 li
1415 2685 1594 2768 omnino
1612 2707 1774 2788 omnes,
1799 2692 1872 2804 qui
1891 2695 1997 2779 anti·

328 2846 418 2939 ,quo
441 2843 549 2907 aevo
573 2813 736 2903 urendo
762 2815 1081 2934 torquendoque
1113 2817 1309 2934 capillum
1342 2812 1532 2904 fecerunt
1554 2812 1754 2929 gradibus
1779 2842 1903 2937 atque
1918 2853 1998 2916 un-

329 2951 395 3045 dii
419 2951 558 3055 {veluti
587 2952 865 3065 crispantem,
898 2956 955 3039 ita
987 2947 1159 3040 fuerunt
1180 2954 1374 3056 animati,
1407 2948 1768 3066 quemadmodum
1797 2955 1997 3052 affectum

251 3173 254 3178 .
327 3085 446 3178 soille
475 3089 676 3173 novimus
695 3083 981 3189 Hadrianum
1004 3090 1078 3204 qui
1099 3083 1268 3206 lascivus
1295 3105 1337 3174 et
1368 3085 1648 3172 continentiam
1675 3079 1860 3195 ,imaum
1882 3097 1999 3188 audit

327 3248 448 3314 sm.
476 3243 667 3309 avamm
692 3242 874 3308 vrorum
901 3225 974 3327 (z),
996 3219 1220 3311 mutorum
1242 3244 1348 3308 vero
1375 3244 1510 3307 amore
1535 3240 1824 3337 conopeorum
1844 3231 1997 3327 adohe-

323 3364 404 3475 riis
419 3355 583 3472 infamis
607 3379 722 3444 aaa.
747 3379 1058 3445 sennonem
1085 3365 1177 3464 (a),
1205 3381 1335 3474 quem
1358 3373 1568 3469 praeterea
1595 3357 1830 3477 turpissimo
1849 3363 1999 3462 semoti

324 3492 436 3582 illius
462 3492 637 3577 Antinoi
655 3489 883 3578 ministerio
900 3489 979 3578 elle
1003 3492 1138 3592 usum,
1168 3494 1319 3604 ingens
1335 3487 1486 3579 clamat
1514 3493 1680 3582 testium
1695 3497 1829 3603 turba,
1843 3499 1896 3590 ab
1914 3529 1995 3590 na·

324 3646 461 3713 mnu.
487 3645 712 3711 verano
741 3619 804 3726 (b)
841 3627 1045 3727 excitata3
1074 3629 1148 3740 qui
1176 3623 1354 3744 denique
1374 3644 1588 3739 tantopere
1616 3657 1641 3716 a
1673 3625 1995 3727 fortilsrmorum

324 3762 548 3860 maiorum„
565 3755 737 3844 suorum
755 3761 910 3846 virtute
935 3751 1214 3874 degeneravit,
1242 3779 1396 3848 utnon
1421 3758 1555 3848 solum
1584 3759 1729 3862 multas
1750 3771 1995 3882 provincias,

223 3881 227 3888 ’
322 3922 351 3982 a
376 3895 546 3982 liciano
568 3888 795 4010 acquistas,
827 3891 1071 4014 relinqueret
1093 3898 1287 4010 nupiter,
1309 3891 1533 4000 sedetiam,
1560 3922 1588 3983 a
1608 3893 1812 4016 plerisque
1836 3903 1994 4020 regibus

304 4025 509 4117 ‘barbaric
531 4049 675 4142 pacem
695 4026 905 4135 redimere,
928 4032 1065 4146 ipsum
1082 4027 1195 4118 haud
1220 4027 1413 4144 puderet;
1442 4029 1572 4136 ficuti,
1595 4057 1725 4146 quem
1750 4033 1883 4126 modo
1903 4037 1992 4130 lau·

321 4161 537 4276 davimus,
558 4157 778 4256 historicus
804 4171 851 4254 iu
867 4165 1023 4254 litteras
1037 4163 1178 4254 retulit
1207 4167 1284 4278 (c).
1339 4159 1472 4250 iidem
1501 4164 1635 4280 capilli
1654 4189 1790 4284 quum
1813 4197 1991 4264 omnem

1856 4305 1991 4398 ferme

327 4517 657 4542 ——e-——u
668 4517 1990 4558 -ι--ι--ι--υ--ι--ι-μι--ῄ

320 4644 364 4736 (t)
384 4645 424 4716 lu
444 4644 630 4727 Hadriam,
657 4645 739 4738 Cap.
756 4645 877 4720 XXVI.
892 4669 963 4739 pag,
977 4669 1034 4718 211.
1048 4645 1094 4737 sq.
1181 4643 1229 4733 (a)
1251 4645 1411 4738 Epitomes
1424 4645 1507 4736 Cap.
1521 4641 1630 4716 xlm.

320 4757 373 4842 m)
393 4751 795 4826 lnnotiscdmodocitat.
821 4777 1049 4830 renarrant
1077 4757 1139 4828 lot.
1183 4767 1229 4833 (²)
1250 4751 1578 4844 Caum-ptumo
1929 4830 1932 4838 .

319 4873 370 4948 (x)
391 4861 430 4932 ln
438 4864 652 4934 Continentur.
666 4865 709 4938 de
727 4887 828 4952 coma,
844 4865 926 4966 Cap.
940 4865 1030 4941 vul.
1152 4959 1158 4966 ι
1178 4859 1228 4942 (b)
1248 4858 1289 4929 ln
1303 4863 1568 4952 Antiquitatibus
1579 4866 1726 4964 Antinoi,
1737 4863 1853 4957 capt.
1867 4871 1903 4960 Ι.
1917 4885 1945 4961 ς.

320 4976 371 5066 tv)
392 4971 462 5048 ltu
479 4967 519 5048 x.
534 4969 636 5061 epigr.
651 4976 701 5067 ⁶5·
1174 4978 1220 5052 (e)
1240 4967 1322 5066 Cup.
1342 4969 1429 5048 vul
1448 4973 1991 5072 pag.75.etcap.xl'll.pag.1632
