4504 6060
835 475 1037 592 ἰιι-ι
1087 485 1149 570 126
1196 484 1320 588 tu
1425 465 1426 478 i

340 645 459 760 llllbs,
470 651 521 744 de
536 673 620 769 qua
641 653 762 742 nobis
779 651 847 742 hic
864 651 997 739 sermo
1013 633 1347 769 est,superstionis
1360 643 1539 764 amplius
1557 643 1864 738 confirmandae
1878 651 1994 744 ¹caui·

339 770 393 896 ιι,
422 793 513 873 non
532 781 790 938 provocasset
809 783 859 872 ad
886 785 1115 890 Notionem,
1132 781 1277 902 deam,
1304 809 1328 869 a
1353 803 1576 872 crescone
1605 800 1994 886 commemoratam

340 849 577 1008 A’rbitratus
591 919 719 1014 enim,
729 911 800 1000 sub
824 913 985 1005 buius
974 945 1157 1033 rmagrne
1168 914 1378 1034 quendam
1402 913 1516 1002 orbis
1535 919 1693 1032 antiqui
1712 914 1918 1031 populum
1930 912 1993 1001 su

340 1031 589 1168 perstitiosos
603 1043 998 1160 adoralsagtuvem
996 1051 1162 1139 admisrt
1174 1075 1373 1138 errorem.
1390 1049 1448 1134 Vt
1464 1053 1577 1134 enim
1595 1066 1763 1152 taceam,
1771 1047 1885 1164 quod
1904 1031 1995 1137 ιοιι.

339 1173 634 1290 olvrsrvsff)
660 1177 876 1284 observat,
910 1185 1120 1298 inprobae
1135 1206 1258 1272 notae
1275 1177 1487 1271 codicibus
1506 1209 1584 1296 pro
1600 1186 1731 1288 Natio,
1765 1205 1851 1269 non
1861 1200 1993 1268 teme

341 1307 526 1400 rescribi
559 1304 725 1423 Nescio.
768 1307 851 1424 ipse
895 1333 1096 1397 orooro
1140 1305 1297 1394 dlierns
1326 1303 1465 1393 verbis
1493 1308 1666 1416 indicat,
1694 1293 1993 1434 puerperarum

336 1437 437 1527 illud
467 1431 584 1524 futile
617 1461 788 1522 numen.
844 1439 892 1523 N
893 1459 966 1526 ιιιι
1009 1467 1156 1557 quoque
1168 1499 1180 1542 ,
1209 1441 1344 1552 inquit
1374 1443 1468 1550 (g),
1495 1437 1569 1526 dea
1596 1439 1884 1556 putandutfl:
1917 1443 1993 1572 cui

333 1599 457 1690 quum
486 1568 596 1688 furtu
624 1567 872 1655 circumimus
905 1572 949 1658 in
987 1599 1084 1690 agro
1101 1569 1300 1676 Ardeati,
1342 1597 1427 1657 rem
1450 1569 1628 1658 diuinum
1647 1574 1780 1688 [acere
1799 1522 1994 1688 fidemus:

338 1729 469 1824 quur,
497 1702 588 1817 quia
609 1718 753 1814 partus
775 1719 1047 1788 matronarum
1069 1722 1258 1806 tutatur,
1283 1697 1567 1816 enascentibus
1584 1702 1703 1788 Natio
1716 1703 1918 1790 nominata
1932 1697 1996 1808 elli

213 1843 217 1850 '
338 1839 514 1937 Verum,
538 1828 785 1917 accedamus
810 1830 861 1917 ad
890 1833 1108 1921 secundam
1138 1833 1261 1919 huius
1289 1827 1576 1918 differretionis
1599 1853 1789 1946 partem,
1818 1857 1900 1948 qua
1923 1831 1997 1920 aa

272 2055 275 2062 ,
338 1959 642 2058 monstraturos
661 1987 740 2050 nos
761 1963 841 2053 elle
859 1967 1000 2054 sumus
1018 1966 1200 2080 polliciti,
1218 1963 1365 2052 lsrdem
1376 1961 1611 2074 symbolum
1636 1961 1754 2052 fuille
1773 1967 1898 2052 totius
1912 1973 1990 2054 Ae·

339 2101 487 2211 gypti,
521 2092 647 2209 idque
684 2093 902 2182 manifesto
936 2096 1033 2185 inde
1064 2117 1231 2210 patere,
1263 2098 1464 2210 quoniam
1494 2099 1540 2178 iu
1579 2093 1703 2182 huius
1739 2094 1839 2188 deae
1870 2095 1992 2190 uma

340 2230 453 2339 lamo
478 2223 759 2338 omnibusque
784 2223 836 2314 de
861 2253 909 2314 ea
939 2227 1206 2344 dogmatibus
1232 2223 1333 2313 nihil
1358 2221 1490 2312 ferme
1514 2222 1865 2340 deprehendatur,
1890 2231 1994 2342 quin

337 2353 542 2479 aptiffim'e
575 2361 729 2470 exponi
768 2377 893 2472 queat
937 2357 989 2446 de
1038 2349 1294 2446 memoratae
1334 2359 1517 2470 regionis
1547 2377 1846 2474 naturamque
1877 2362 1998 2446 inco-

337 2494 474 2580 larum
498 2483 698 2572 motibus.
753 2486 966 2575 Gloriatos
1001 2487 1172 2604 quidem
1211 2492 1412 2575 novimus
1443 2512 1576 2574 uanae
1605 2490 1818 2604 religionis
1841 2487 1994 2578 antisti&

337 2643 428 2724 tes,
466 2618 506 2704 se
544 2616 655 2703 sacra
686 2615 806 2706 iliaca
841 2614 1021 2706 tenebris
1047 2617 1263 2706 occtdtall'e
1289 2616 1400 2726 adeq
1421 2613 1587 2720 crall‘rs,
1609 2641 1687 2726 ut,
1714 2617 1992 2738 fignificaturi,

339 2752 418 2839 illis
452 2741 719 2834 discutiendis
761 2749 976 2835 neminem
1008 2746 1249 2833 mortalium
1271 2744 1350 2833 else
1379 2771 1543 2858 parem,
1563 2751 1609 2832 in
1636 2747 1761 2837 huius
1786 2747 1890 2838 deae
1921 2753 1990 2840 de·

339 2883 476 2986 lubro,
483 2876 605 3012 quod
627 2873 693 2966 Sei
715 2877 901 2983 habebat,
928 2869 1120 2993 lapidem
1125 2879 1418 2978 dedicaverint,
1441 2877 1538 2966 teste
1566 2907 1661 2969 rau
1674 2909 1893 2972 raecao
1909 2883 1991 3000 (b),

343 2995 529 3122 sequenti
563 3023 749 3090 notatam
770 3001 1051 3121 inscriptione:
1079 3007 1207 3109 Εγω
1191 3043 1255 3109 ειμι
1272 3007 1346 3088 rru'ir
1366 3037 1408 3087 ιι
1429 3007 1582 3104 memoris,
1607 3013 1667 3091 uui
1689 3045 1735 3101 uu,
1753 3046 1813 3108 ιιιιι
1832 3017 1990 3118 ἐσόμενοι·

290 3173 293 3179 ·
337 3141 396 3226 ut
417 3135 476 3218 τιν
498 3134 574 3238 ἒμόι
596 3137 731 3216 πέπλοι
752 3129 854 3216 aelate
876 3165 933 3218 uro
956 3139 1084 3231 Scarus
1105 3135 1337 3236 ιίιιιιιιίλυψι
1412 3141 1490 3256 Ego
1517 3149 1882 3264 [111110111113911οιἶ
1918 3179 1991 3265 §te-

325 3281 448 3398 stitit,
477 3267 544 3388 tsi,
569 3291 609 3358 et
626 3272 743 3358 trit:
761 3295 961 3386 meumque
970 3268 1128 3389 peplum
1144 3295 1254 3357 nemu
1274 3265 1401 3358 adbuc
1413 3267 1635 3358 mortalium
1650 3270 1813 3366 detexit.
1866 3275 1989 3372 Abest

338 3430 442 3504 vero
461 3418 640 3504 tantum,
656 3419 704 3485 ut
723 3398 1004 3488 deterreamur
1028 3400 1106 3489 hac
1137 3402 1329 3489 iactantia
1360 3397 1581 3488 astudio'
1569 3428 1614 3489 m
1645 3403 1838 3514 mysteria
1870 3409 1992 3500 lsraca

337 3529 604 3654 penetrandi,
633 3550 681 3616 ut
709 3537 847 3645 potius
863 3539 987 3620 etiam
1006 3540 1158 3648 exigua
1183 3530 1262 3636 illa,
1284 3558 1412 3647 quam
1429 3531 1564 3649 adepti
1582 3533 1736 3643 sumus,
1752 3562 1895 3630 terum
1910 3543 1992 3629 Ae·

339 3659 629 3779 gyptiacarum
653 3666 799 3748 notitia
822 3663 933 3775 spem
958 3663 1078 3752 nobis
1104 3663 1226 3752 faciat
1239 3725 1254 3770 ,
1278 3663 1397 3772 fore,
1421 3685 1495 3770 ut,
1516 3666 1608 3754 licet
1632 3692 1721 3774 non
1745 3669 1829 3760 fine
1854 3659 1989 3762 multo

336 3785 514 3896 sudore,
538 3789 708 3878 feliciter
740 3810 908 3898 tamen,
933 3794 1048 3909 quod
1081 3792 1304 3913 praefiscini
1330 3797 1589 3902 dixerimus,
1613 3797 1727 3888 larva
1742 3798 1831 3888 lsrdi
1855 3802 1989 3892 derret

335 3950 428 4032 cta,
457 3919 823 4038 contemplandam
853 3919 1122 4016 exhibeamus
1161 3931 1344 4014 nativam
1370 3932 1550 4042 Aegypti
1574 3925 1739 4020 faciem
1792 3931 1901 4016 Prae
1924 3953 1990 4016 ce·

221 4125 225 4132 .
335 4057 439 4140 teris
465 4057 541 4138 erit
565 4048 893 4156 obseruandum,
931 4075 1092 4146 veteres
1112 4053 1356 4173 theologos
1344 4079 1452 4146 mter
1474 4060 1617 4148 lsrdem
1643 4083 1766 4178 atque
1790 4065 1991 4188 tellurem,

334 4183 497 4269 nullum
530 4182 696 4295 prorsus
732 4183 904 4272 statuiffe
934 4187 1185 4292 discrimen,
1215 4190 1281 4276 sed
1304 4193 1410 4279 hanc
1440 4188 1511 4278 sub
1535 4190 1642 4276 illius
1667 4199 1842 4282 nomine
1866 4177 1993 4313 atque

336 4318 517 4434 imagine
543 4315 622 4408 effe
648 4339 876 4410 veneratos.
930 4317 1147 4440 Habemus
1168 4317 1290 4411 huius
1313 4323 1522 4444 dogmatis
1540 4323 1659 4413 testes
1676 4323 1783 4416 bene
1813 4331 1988 4427 multost

1811 4484 1987 4550 uacuo·

334 4763 392 4864 il)
396 4771 441 4847 ln
459 4771 555 4855 Notis
576 4788 623 4858 ud
636 4755 796 4862 Cict'ronir
820 4791 941 4876 locum,
955 4758 1034 4867 tnox
1048 4766 1145 4864 clud»
1189 4795 1239 4882 lg)
1257 4797 1442 4896 Dunuturu
1458 4798 1599 4882 deorum,
1616 4797 1670 4868 lib.
1681 4797 1738 4868 lll
1752 4797 1819 4890 rap.
1835 4804 1876 4877 ιε.

395 4889 485 4960 dum
955 4897 965 4922 ·‘
1102 4878 1594 5074 ιιιιιιριιιιιιιιιιι,
1608 4921 1679 4997 pag.
1687 4890 1894 4996 33ιο
