4500 6058
907 547 955 650 fi
1002 551 1022 650 l
1074 563 1112 650 a*
1157 551 1176 652 l
1223 547 1275 652 fi
1439 619 1444 626 -

160 781 166 787 .
258 710 335 802 nili
356 710 629 830 qniignorrt,
658 729 1128 804 srunsr.·urrcrvu
1159 721 1243 821 (n),
1267 713 1524 823 statuentem,
1552 715 1821 834 antiquorum
1845 741 1926 806 nu·

253 872 368 952 mos,
394 845 518 936 hodie
542 846 782 962 superstites,
812 875 836 935 a
873 853 1002 936 veteri
1034 845 1347 964 distinguendos
1378 848 1459 938 elle
1489 871 1678 954 moneta,
1705 855 1924 966 peritiores

259 986 514 1096 antiquarios
531 979 693 1068 dudum
715 977 926 1096 exploliffe
961 983 1061 1094 (o):
1095 987 1152 1070 ito
1178 988 1318 1070 etiam·
1333 981 1572 1098 plumbeoS,
1598 981 1649 1072 de
1677 981 1829 1100 quibus
1856 982 1925 1074 lrie

260 1111 318 1198 est
339 1113 488 1218 sermo,
512 1113 705 1202 eundem
732 1113 965 1224 Qiritibus
982 1113 1230 1231 -praestitiil'e
1257 1115 1398 1221 usum,
1431 1122 1527 1235 quis
1541 1121 1704 1232 ¹poterit
1731 1119 1777 1204 iu
1806 1117 1924 1238 dubq

257 1271 334 1339 um
355 1249 533 1339 vocare?
564 1247 691 1360 Qod
714 1275 818 1336 vero
850 1249 902 1338 ad
927 1247 1046 1337 illum
1070 1252 1229 1354 attinet,
1256 1251 1330 1365 qui
1355 1254 1401 1338 in
1430 1248 1600 1338 adversa
1631 1248 1860 1353 1ovis,vel‚
1890 1250 1924 1340 fi

256 1388 408 1488 mauu,
427 1387 690 1500 imperatoris
712 1381 928 1488 cuiusdam
953 1403 1090 1500 caput,
1119 1380 1336 1472 barbatum
1353 1403 1477 1500 atque
1495 1383 1635 1474 laurea
1667 1381 1925 1485 redimitum,

109 1563 113 1566 ·
221 1512 454 1625 ‚osteqdit,
480 1521 525 1602 in
557 1518 697 1605 aversa
729 1537 874 1604 autem
899 1517 1141 1622 Herculem,
1168 1517 1285 1606 clava
1310 1537 1520 1620 armatum
1534 1536 1673 1634 :atque
1699 1539 1799 1602 cum
1834 1516 1936 1624 An·-

24 1745 28 1752 ,
257 1667 353 1735 taeo
375 1648 615 1757 luctantem,
642 1651 751 1756 istit,
773 1649 919 1740 additis
946 1651 1090 1738 litteris
1113 1653 1152 1738 S.
1175 1653 1226 1738 C.
1250 1674 1437 1767 quarum·
1461 1646 1734 1766 posteriorem
1756 1643 1921 1734 chalco·

35 1792 38 1802 '
196 1815 201 1823 ·
257 1779 444 1900 grapbus
472 1784 593 1874 lunae
623 1783 918 1876 corniculantis
947 1787 1133 1900 imagine
1157 1781 1443 1892 adumbravit,
1479 1809 1579 1874 eum
1604 1785 1837 1900 quominus
1858 1785 1923 1868 iu·

257 1935 324 2006 ter
348 1939 564 2008 monetam
600 1921 837 2030 Romanam
871 1914 1125 2026 referamus,
1155 1920 1308 2036 inligui
1336 1925 1426 2010 eius
1457 1915 1733 2035 prohibemur
1757 1921 1923 2030 magni·

257 2047 415 2138 tudine.
473 2055 606 2140 Tanti
629 2078 790 2166 nempe
818 2049 876 2138 eli
902 2049 1077 2154 moduli,
1102 2071 1151 2138 ut
1177 2055 1334 2140 merito
1362 2070 1662 2146 annumeretur
1690 2042 1926 2150 tuiffilibus,

257 2183 361 2288 live,
400 2201 449 2270 ut
484 2184 572 2272 Itali
602 2185 720 2298 loqui
743 2201 911 2287 amant,
938 2178 1198 2300 Medoglioni,
1225 2207 1332 2300 quae
1358 2183 1543 2297 vulgatis
1579 2199 1775 2276 monetae
1806 2184 1922 2268 vices

255 2313 428 2422 subnue,
453 2343 543 2404 uno
558 2341 644 2421 ore,
662 2343 714 2405 ae
729 2313 917 2436 praecise,
933 2333 1089 2429 negant
1109 2318 1342 2434 antiquarii.
1366 2349 1370 2356 ·
1392 2317 1615 2420 Ceterum,
1636 2309 1838 2431 quicquid
1861 2331 1921 2399 ετ·

256 2457 343 2542 iarn
384 2452 527 2540 litteris
553 2451 660 2539 &G
688 2448 731 2537 id
753 2448 830 2556 est,
854 2449 1021 2539 &nuos
1045 2446 1229 2564 Confltlto,
1254 2469 1416 2539 veteres
1435 2443 1665 2560 lignifierre
1687 2446 1921 2548 voluerinti

257 2587 341 2676 five
365 2585 443 2674 illie
467 2577 716 2678 confirmata
739 2583 788 2671 fit
802 2583 957 2698 mptalli
983 2580 1182 2698 probitas,
1207 2583 1293 2672 five
1322 2580 1536 2697 indigitata
1558 2582 1738 2694 potestas
1753 2579 1919 2667 senatur

255 2747 311 2810 ex
338 2717 554 2806 vilioribus
576 2717 752 2806 metallis
774 2743 931 2806 numos
953 2711 1161 2830 lignandi:
1191 2713 1295 2808 illud
1318 2736 1461 2804 tamen
1490 2735 1652 2804 eertum
1677 2709 1922 2812 else-debet,

255 2875 427 2952 numos,
452 2845 530 2936 hac
553 2868 655 2936 nota
678 2847 874 2963 insignes,
893 2873 941 2935 ac
962 2845 1139 2961 proinde
1160 2850 1287 2936 etiam
1308 2849 1521 2948 nostrum,
1548 2845 1711 2962 publica
1742 2843 1921 2936 auctori·

255 3005 342 3076 tate
362 2981 441 3071 else
464 2977 597 3070 cusou
660 2977 876 3070 Hactenus
907 2980 1113 3068 recentuu
1138 2981 1401 3108 Pignorianis
1430 2982 1648 3073 succedant
1679 3007 1795 3072 nune
1831 2975 1921 3064 duo

257 3141 502 3207 aonam.
542 3136 779 3204 earruo
801 3119 868 3228 (p)
905 3113 1076 3228 aliisque
1100 3107 1220 3216 editi,
1258 3137 1444 3228 quorum
1488 3115 1611 3220 alter,
1652 3138 1781 3232 quem
1809 3115 1934 3194 inter.

249 3250 491 3341 ¹consulares
513 3245 700 3364 plerique
720 3264 945 3362 reponunt,
969 3243 1069 3332 hine
1091 3243 1343 3350 Herculem,
1370 3245 1588 3359 pufionem
1620 3247 1798 3350 nudum,
1812 3239 1921 3328 stan.-

247 3406 346 3474 eem
372 3380 747 3498 atque'senpentem
762 3377 999 3484 elidentem,
1015 3375 1214 3494 praeterr,
1239 3377 1338 3467 iude
1355 3401 1473 3484 vero,
1498 3397 1540 3466 et
1566 3379 1739 3496 quidem
1763 3381 1808 3464 in
1831 3381 1941 3458 mee

257 3515 327 3608 dia
349 3541 455 3618 area,
486 3512 580 3600 Caii
604 3512 842 3600 ornaturi
868 3533 1027 3600 nomen
1053 3508 1218 3600 exhibet
1240 3509 1469 3626 legendum
1495 3515 1569 3624 lq).
1619 3510 1918 3628 Agnoscimu-

247 3650 365 3741 rnuli
390 3646 515 3736 huius
529 3649 814 3763 antiquitatem
838 3644 1077 3760 ingeniosus
1096 3650 1213 3732 iuxta
1233 3670 1282 3732 ae
1300 3670 1458 3760 aequus
1482 3649 1589 3734 aeris
1603 3645 1754 3735 vetusti
1776 3640 1917 3746 iudex,

246 3809 393 3878 amru
417 3767 745 3880 uavrucaueve
774 3778 850 3894 (r),
874 3805 982 3897 quo,
1005 3805 1061 3868 eu
1085 3781 1329 3897 quitquam,
1362 3776 1441 3868 luc
1471 3779 1613 3872 nostra
1643 3799 1796 3886 aetate,
1826 3799 1918 3862 ma·

457 3953 460 3960 ·
749 3946 755 3954 ·
1148 3953 1187 3996 .·
1249 3982 1258 4001 .
1314 3972 1318 3985 ·
1649 3963 1652 3974 ·
1819 3911 1920 3997 iori-

179 4247 182 4254 “
251 4219 307 4322 la)
326 4215 634 4330 nustttsi'sopnu
661 4223 828 4330 medegia
848 4233 958 4330 degis·
983 4238 1071 4310 entr-
1110 4207 1112 4218 '
1145 4251 1150 4258 ·
1179 4241 1328 4325 ornique
1341 4219 1663 4326 disputampmmr

252 4388 255 4400 ·
322 4343 388 4425 tbi,
401 4343 485 4414 Part.
494 4335 520 4412 l,
660 4345 665 4353 ’
935 4383 939 4392 ·
975 4381 981 4392 ·
1111 4341 1164 4438 (p)
1180 4343 1471 4416 internarum
1487 4345 1535 4414 ad
1556 4343 1724 4435 brsttrlam
1743 4331 1920 4430 msto&

251 4453 313 4537 φὶ
325 4451 591 4546 Vid.1.astt'ence
607 4443 664 4525 (Its
684 4446 849 4526 meridies
858 4465 929 4548 pat*
951 4465 1068 4524 iovre
1179 4471 1261 4535 tunt,
1268 4452 1412 4543 Cep.Vl
1426 4475 1458 4543 p.
1473 4477 1520 4523 m.
1533 4475 1581 4542 37.

244 4659 251 4672 -
321 4543 1063 4749 :ututurspinulus
1092 4572 1157 4664 ‘¹’
1175 4551 1919 4760 insa„

246 4791 287 4832 .·..
321 4799 452 4867 rare,
464 4767 533 4874 sur
545 4774 885 4876 plefieerstmdaeiirr
900 4791 1095 4896 replevere·
1128 4765 1132 4773 “
1179 4797 1253 4878 pag.
1267 4797 1382 4860 roure
1405 4799 1530 4859 trare.
1550 4777 1918 4860 urerenturvrlm

313 4893 701 4994 graoltsdeloncalt'mt,
712 4913 865 4969 etaeutrrr
876 4911 1073 4996 monuments
1180 4907 1316 4967 eomox
1332 4897 1471 4972 citando.
1727 4933 1729 4936 ·

321 5005 529 5094 d’antiquitl,
543 5003 625 5075 leur.
640 5025 662 5078 r.
670 5019 737 5077 eta.
745 5006 801 5076 ubi
812 5005 873 5078 lue
881 5007 920 5080 de
933 5029 968 5080 rr
983 5011 1019 5080 in
1030 5029 1067 5082 r·
1111 5009 1154 5087 ir)
1176 5001 1214 5075 ln
1231 5003 1392 5100 Thesauro
1404 5007 1607 5092 Marcilium,
1615 5029 1687 5101 pag.
1702 5027 1761 5098 εις.
1775 5025 1806 5076 e.
1905 5091 1906 5094 Ἴ
