4500 6058
941 541 1024 646 'V
1070 545 1091 642 )
1144 543 1194 644 41
1241 542 1260 638 s
1314 542 1362 644 V

315 709 466 832 inferas
488 715 724 838 pervenire:
757 707 855 818 ideo,
878 707 989 802 nauli
1002 711 1167 828 gratia,
1192 705 1337 798 obolum
1364 736 1444 796 non
1476 709 1698 827 inserebant
1722 712 1787 801 ori
1809 713 1971 830 suorum

311 872 564 943 mortuorum.
579 869 747 936 sumes
762 849 820 952 (a)
835 866 981 936 contra
997 841 1194 962 perbibet,
1204 844 1401 930 Cererem
1413 843 1512 932 illud
1522 846 1787 962 privilegium
1797 842 1967 960 irrogas·

271 1061 277 1068 .
314 979 353 1067 se
377 981 499 1074 huius
524 979 666 1100 oppidi
680 979 841 1086 incolis,
872 979 986 1097 quod
1007 978 1175 1104 illorum
1200 977 1357 1067 indicio
1377 978 1428 1067 de
1445 976 1554 1069 filiae
1573 1001 1708 1099 raptu,
1726 1005 1972 1101 ecquonam

312 1115 379 1204 illa
397 1123 643 1232 pervenerit,
663 1117 816 1202 certior
841 1111 967 1202 fuerit
985 1113 1104 1202 facta.
1146 1109 1199 1190 Ἐν
1213 1110 1392 1218 'maesii
1412 1115 1559 1228 inquit,
1581 1109 1804 1226 καταβάσιὸν
1824 1113 1913 1190 ἔστιν
1931 1105 1973 1182 ὅ·
1999 1196 2002 1202 ,

314 1235 380 1334 δον,
396 1253 430 1326 ἒς
447 1239 696 1328 ἓοὶπελθοῦσα
717 1244 738 1334 ἢ
762 1242 920 1350 Δημήτηρ
944 1245 1058 1347 ἔμαθε
1077 1243 1180 1347 πυροὶ
1203 1247 1268 1324 τῶν
1288 1250 1456 1349 περιοίκων
1479 1243 1557 1345 περὶ
1574 1247 1637 1334 τῆς
1654 1242 1767 1347 Κὸρης,
1789 1245 1847 1322 aas}
1861 1231 1972 1343 {sopri-

312 1397 404 1448 sotro
417 1367 537 1449 αὐτοῖς
546 1363 678 1486 ἔφεσιν
700 1365 763 1444 τοῦ
782 1364 979 1467 terebrasset·
1034 1361 1191 1482 Aegiali
1210 1363 1264 1480 est
1286 1365 1479 1484 descenfhs
1502 1362 1559 1452 ad
1577 1365 1759 1482 inferos:
1792 1361 1850 1452 ad
1860 1387 1974 1480 quem

311 1531 430 1619 quum
456 1505 573 1590 Ceres
595 1496 846 1618 pervemffls,
873 1526 926 1586 ex
951 1495 1092 1586 accolis
1118 1498 1529 1614 (Hermionenfibus)
1554 1501 1753 1614 cognovit,
1784 1495 1849 1586 ubi
1877 1497 1974 1582 Pro·

296 1636 469 1774 [erpino
492 1631 592 1754 effes.
645 1635 787 1750 ¹Qare
829 1627 989 1720 naulum
1020 1625 1107 1750 ipss
1129 1626 1287 1748 remifit.
1343 1633 1403 1722 Vt
1425 1654 1469 1720 ut
1493 1628 1594 1720 baec
1618 1627 1791 1732 fuerint;
1828 1655 1974 1746 quern·

296 1755 548 1858 admodum
577 1767 902 1856 Hermionenses
921 1767 1182 1854 Graecorum
1208 1767 1281 1854 soli
1305 1763 1428 1855 huius
1451 1765 1758 1854 consuetudinis
1777 1766 1869 1880 lege
1887 1789 1977 1852 non

310 1901 481 1998 fuerunt
498 1899 694 1992 adstridii.
723 1901 779 1989 fic
806 1927 957 1990 eorum
975 1901 1195 2017 populares
1226 1901 1407 1990 eundem
1417 1927 1598 2006 morem,
1625 1927 1725 1990 cum
1758 1899 1847 1988 abiis
1864 1897 1979 1986 insti·

312 2041 415 2124 tutis
446 2033 751 2154 compluribus,
786 2033 841 2125 ad
865 2038 1084 2124 Romanos
1115 2036 1439 2124 transmiserunt.
1490 2037 1639 2122 Nam
1627 2064 1672 2122 m
1695 2032 1822 2141 urbe,
1854 2038 1978 2124 Latio

312 2155 543 2288 cete'risque
568 2169 835 2285 regionibus,
852 2175 898 2255 in
921 2195 1026 2284 quas
1056 2173 1241 2278 Qirites
1267 2167 1529 2255 deduxerunt
1549 2167 1737 2274 colonos,
1759 2173 1975 2258 neminem
2117 2273 2132 2278 „
2241 2289 2242 2296 Ν

311 2299 431 2392 facile
448 2333 525 2423 pro
543 2301 688 2392 funere
711 2301 829 2392 fuisse
854 2301 1021 2406 elatum,
1055 2307 1161 2417 quin
1191 2299 1335 2390 'secum
1366 2299 1573 2391 abstulerit
1605 2303 1863 2413 numulum,
1886 2305 1980 2421 post
2003 2401 2007 2404 ,

313 2437 527 2528 cadaveris
558 2437 685 2555 ipsius
712 2434 1073 2541 combustionem,
1113 2429 1329 2524 unacum
1363 2435 1599 2544 cineribus,
1621 2436 1813 2526 -urnulae
1849 2439 1979 2556 sepul·

313 2573 414 2661 crali
437 2568 716 2677 iniicendum,
753 2588 865 2658 tanta
896 2567 1233 2659 testimoniorum
1256 2591 1298 2661 et
1326 2570 1617 2687 exemplorum
1640 2576 1762 2690 eopia
1791 2571 1980 2666 ostende·

253 2729 271 2808 J
311 2728 416 2796 runt
449 2731 554 2795 ron
579 2731 683 2795 rac.
717 2729 1047 2794 cnrrnsrrvs
1083 2701 1148 2814 (b)
1176 2723 1220 2792 et
1251 2729 1445 2793 unncn.
1474 2730 1791 2795 oonnssrvs
1819 2711 1903 2816 (c),
1930 2729 1979 2800 ut

313 2839 513 2932 laborem*
540 2839 840 2956 susciperemus
864 2835 1032 2956 prorsus
1064 2837 1441 2954 supervacaneum,
1472 2838 1503 2926 fi
1533 2837 1647 2927 idem
1678 2839 1858 2956 amplius
1891 2847 1978 2936 vel·

314 2976 452 3066 semus
473 2973 764 3094 comprobare.
815 2977 909 3068 Nec
930 2977 1072 3080 minus
1102 2977 1211 3060 inter
1247 2978 1493 3091 antiquioris
1521 2975 1679 3065 Galliae
1711 2978 1871 3068 incolas
1900 2983 1976 3074 usu

313 3109 396 3202 fuit
419 3108 942 3234 receptum,.vita'fatisque
958 3105 1111 3195 fundis
1129 3110 1328 3196 numuios
1346 3107 1457 3214 dare,
1487 3105 1540 3197 ad
1568 3107 1826 3201 Charontem
1846 3115 1977 3233 perfe-

317 3246 483 3339 rendon
537 3249 619 3352 Sic,
642 3271 755 3334 anno
773 3245 992 3364 superioris
1015 3240 1160 3330 saeculi
1177 3239 1444 3346 duodecimo,
1463 3243 1598 3360 quum
1609 3249 1654 3332 in
1677 3252 1808 3335 veteri
1829 3254 1977 3344 Comi.

317 3407 410 3473 tum
435 3378 800 3496 Andegavensrum
828 3377 980 3495 palatio
1004 3367 1269 3490 demoliendo
1302 3380 1494 3491 occupati
1524 3373 1652 3466 essent
1682 3389 1879 3497 operarii,
1914 3397 1980 3482 in.

317 3537 445 3613 venta
470 3513 563 3600 sunt
595 3510 795 3600 cadavera
828 3509 937 3616 duo,
973 3536 1062 3600 uno
1091 3509 1326 3626 eodemque
1359 3508 1544 3626 sepulcro
1577 3511 1761 3624 inclusa,
1792 3547 1986 3638 quorum.

320 3650 499 3739 alterum
525 3646 782 3750 Germanici,
808 3641 985 3731 alterum
1008 3670 1112 3732 vero
1143 3649 1395 3758 Magnentii,
1421 3648 1609 3756 tyranni,
1647 3651 1855 3747 numisma
1879 3660 1979 3756 dex.

250 3823 257 3832 ·
318 3805 383 3876 tra
406 3777 734 3872 manutenebat.
783 3803 898 3890 rac.
932 3778 1104 3896 quidem
1137 3803 1433 3876 Meurruvs
1466 3777 1555 3894 (d),
1596 3781 1702 3872 illud
1722 3813 1812 3877 non
1845 3797 1979 3886 modo

320 3921 480 4012 Galliae
500 3913 697 4020 eruditae,
732 3910 799 4001 sed
821 3914 1037 4003 universae
1077 3918 1201 4004 etiam
1223 3911 1440 4006 litterariae
1467 3918 1569 4031 reip.
1588 3915 1753 4026 lumen,
1780 3919 1860 4016 bos
1883 3933 1980 4023 Cei.

321 4081 461 4148 tarum
494 4048 573 4141 eise
615 4041 812 4154 sceleros,
832 4068 976 4166 negat,
1000 4076 1089 4138 non
1119 4049 1200 4138 alio
1226 4069 1365 4137 autem
1386 4054 1511 4137 nixus
1534 4045 1823 4166 fundamento,
1851 4091 1995 4182 quam¹

320 4189 455 4310 quod,
482 4211 729 4303 perperam,
765 4189 826 4270 uti
849 4213 901 4274 ex
925 4183 1034 4274 insta
1060 4183 1245 4276 dicendis
1279 4183 1519 4302 apparebit,
1545 4186 1772 4298 existimat,
1799 4207 1981 4301 maiores

318 4331 414 4420 suos
430 4315 784 4471 consuetudinem,
799 4317 851 4409 de
870 4347 952 4438 qua
967 4326 1145 4439 ιςίιιιιιε,
1167 4318 1280 4410 haud
1296 4317 1535 4413 observasse.
1545 4318 1694 4428 Eidem
1712 4331 1808 4418 viro
1831 4332 1979 4432 doctis·
1988 4381 1993 4402 ¹

864 4574 867 4585 ,
925 4565 936 4586 ,
1871 4469 1979 4564 srmo

273 4705 276 4712 '
319 4619 671 4778 ωτοοοῑρῑιζὴ.
1157 4609 1537 4782 ...sussepissent
1548 4689 1685 4765 Murem
1698 4691 1771 4766 Lib.
1782 4693 1854 4772 ΗΠ.
1867 4710 1978 4798 ωρησ
2062 4755 2063 4758 ,

322 4799 373 4890 (b)
390 4801 663 4892 InDcscriptr‘ont
671 4793 879 4878 Vesonttom's,
884 4793 967 4870 Part.
975 4797 1079 4890 1..Cap
1081 4797 1133 4870 26.
1240 4797 1269 4887 §.
1283 4817 1311 4886 ς

318 4911 368 5001 (ο)
388 4907 567 4980 anotatss
582 4906 629 4976 ad
640 4905 836 4986 Columbam',
847 4907 995 4991 Abbatss,
1008 4911 1129 4979 carmi·
1170 4905 1219 5002 (d)
1235 4907 1284 4979 La
1296 4905 1445 5006 religate
1471 4907 1527 5020 ἐρ
1551 4906 1693 4997 Golas,
1710 4869 1768 4984 bv.
1784 4909 1828 4988 V.
1841 4911 1978 5013 σὴψ
1945 4939 1978 5018 7

346 5043 444 5110 η,
462 5039 535 5110 pap.
556 5034 608 5110 pp
628 5035 681 5110 94
702 5013 803 5090 Cous
835 5037 957 5090 urus.
982 5036 1131 5090 streis·
1240 5038 1314 5111 pap.
1331 5039 1400 5112 ης.
