4504 6060
985 471 1391 606 Olrniss

375 647 583 738 litterario.
647 656 693 738 ln
722 648 846 733 variis
867 663 1006 736 autem
1034 639 1294 730 eruditorum
1316 634 1521 740 de'huius
1535 639 1692 726 litterae
1718 641 2020 758 significatione

375 783 642 896 opinionibus
657 784 834 866 omnino
854 775 975 863 nulla
1006 777 1063 863 est
1090 773 1273 862 stoddior
1296 769 1590 886 absurdiorque
1613 771 1696 876 illa,
1725 799 1854 888 quam
1888 779 1954 861 vir
1980 803 2023 862 a·

378 915 508 1028 lioqui
532 937 573 1000 et
604 909 813 1014 dostrinae
833 906 1084 1022 liberalioris,
1102 928 1143 994 et
1158 901 1434 1020 philosophiae
1459 902 1563 989 bene
1589 907 1757 1015 peritus,
1787 930 2023 1000 noarvu.

378 1036 556 1151 nicnrvs
588 1047 665 1149 (r),
688 1040 912 1156 adoptavit.
969 1045 1114 1156 Qum
1127 1043 1243 1127 enim
1259 1041 1304 1121 in
1328 1033 1812 1122 numismatiscuiusdam
1826 1039 2023 1150 Aegypti·

379 1177 453 1277 a'ci,
461 1163 670 1262 Hadriani
694 1179 922 1260 memoriae
942 1172 1076 1276 dicati,
1088 1191 1202 1288 parte
1220 1167 1372 1273 aversa,
1387 1180 1548 1283 praeter
1570 1193 1775 1281 magnum
1793 1171 2024 1256 cristatum·

378 1314 461 1434 que
472 1305 713 1424 serpentem,
730 1307 871 1394 multis
895 1307 1090 1422 plicatum
1108 1331 1235 1418 g3r1s,
1245 1327 1426 1416 quorum
1438 1326 1547 1394 unus
1562 1301 1804 1404 caduceum,
1815 1300 2025 1390 aliusvero

380 1438 532 1549 spicam
560 1435 958 1554 comprehendebat,
988 1433 1195 1551 reperisset
1231 1433 1383 1524 litteras
1411 1433 1535 1524 UA:
1554 1430 1748 1522 audacter
1782 1427 2025 1528 affirmabat,

378 1555 532 1678 horum
558 1574 685 1652 tn'ur'n
714 1564 998 1654 'characterum
1024 1573 1249 1682 genuinam
1279 1557 1623 1676 significationem
1651 1558 1781 1648 tribus
1798 1558 1910 1646 hisce
1927 1581 2028 1642 con·

380 1675 500 1794 lineri
526 1697 721 1812 vocibus:
751 1703 951 1785 Lucernas
967 1699 1129 1784 inuenit
1148 1691 1291 1798 Delta,
1315 1699 1518 1785 nimirum
1546 1695 1762 1806 Aegyptus
1781 1687 1971 1792 inferior,
2002 1715 2026 1776 a

381 1827 551 1917 Graecis
562 1831 871 1947 Latinisque,ob
887 1828 1068 1943 figuram
1085 1836 1340 1945 triquetram,
1351 1825 1470 1916 Delta
1487 1846 1744 1939 nuncupata3
1756 1829 1908 1938 quippe
1918 1848 2023 1940 quae

387 1955 536 2045 sellum
559 1962 812 2076 accensionis
839 1962 1102 2050 lucernarum
1126 1961 1349 2062 invenerit,
1366 1983 1444 2044 nec
1471 1981 1610 2042 carere
1633 1961 1813 2070 potuerit
1830 1954 1900 2042 diu
1921 1957 2023 2041 lam.

380 2083 555 2186 'adibus
583 2097 634 2182 ad
666 2092 991 2211 praelucendum
1022 2105 1150 2178 noctu
1180 2084 1474 2203 navigantibus
1510 2105 1762 2198 portumque
1797 2086 2027 2199 quaerenti·

376 2129 471 2319 hus.
530 2224 898 2330 Quemadmodum
930 2249 1034 2309 vero
1061 2220 1159 2310 huic
1175 2223 1338 2308 somnio
1357 2217 1429 2304 suo
1456 2215 1637 2330 aliquam
1665 2221 1754 2304 veri
1781 2215 2027 2304 conciliasset

260 2429 264 2442 .
381 2359 580 2510 speciem
594 2386 846 2460 trouve,
883 2353 1122 2488 srpotuisier
1148 2353 1372 2454 ostendere,
1388 2375 1566 2464 quarum
1594 2375 1734 2435 rerum
1763 2354 2026 2436 inventiones

381 2487 502 2602 Aeg3'
473 2481 576 2602 3ptii
601 2485 804 2573 celebrare
827 2488 1035 2573 voluerint
1063 2491 1227 2586 numis,
1251 2489 1295 2568 in
1322 2477 1472 2594 quibus
1501 2479 1533 2552 L
1567 2487 1630 2554 tn.
1653 2480 1695 2554 L
1718 2491 1778 2557 113.
1804 2481 1845 2558 L.
1868 2491 1921 2560 tr
1949 2502 2025 2569 etc.

378 2619 553 2737 legitur.
582 2622 636 2711 stc
658 2623 782 2736 ipsrus
804 2640 1064 2734 argumenta,
1082 2618 1233 2732 quibus
1254 2637 1459 2727 receptam
1480 2611 1629 2699 harum
1657 2615 1910 2704 litterarum
1899 2640 2025 2707 mter·

379 2759 669 2902 pretationem,
699 2741 925 2836 secundum
969 2774 1095 2860 quam
1121 2747 1295 2858 percusli
1323 2735 1581 2830 numismatis
1607 2744 1821 2858 designant
1848 2769 2025 2867 tempus,

381 2885 602 2997 impugnat
619 2879 779 2983 facili,
767 2905 902 2964 trumo
920 2876 1032 2963 nullo
1053 2878 1219 2980 prorsus
1241 2881 1411 2992 negotio
1434 2872 1738 2964 labetactantur.
1775 2884 2026 2998 Nam,quod

377 3023 448 3121 ait,
477 3015 618 3104 nuttam
632 3013 797 3130 prorfitt
822 3012 892 3128 affe
918 3011 1122 3108 rationem,
1146 3039 1246 3127 quat
1270 3009 1417 3114 doceat,
1437 3007 1545 3123 apud
1570 3010 1753 3117 Genetos,
1783 3014 2025 3104 undecimam

375 3149 614 3240 Latinorum
638 3142 827 3247 datarum,
848 3147 895 3244 L,
916 3170 1063 3228 annum
1078 3139 1334 3259 fignificare:
1370 3168 1441 3228 nac
1474 3136 1524 3225 ab
1549 3141 1607 3227 eis
1633 3171 1846 3264 unquam
1838 3149 2023 3235 Latinam

381 3284 488 3371 adam
496 3278 672 3368 luteram
689 3282 723 3365 L
749 3276 952 3394 ufirrpari·
940 3335 952 3378 ,
991 3273 1032 3361 id
1035 3278 1153 3380 sero,
1163 3273 1412 3391 reprobasset
1427 3271 1519 3384 ipse,
1540 3269 1712 3368 sroculo
1730 3261 1937 3364 attentiori
1949 3303 2024 3368 vo·

375 3409 513 3504 luisset
522 3410 761 3524 perlustrare
776 3406 889 3496 orbis
905 3411 1060 3517 annqut
1070 3427 1353 3494 monumenta
1384 3411 1520 3502 Exhis
1537 3437 1648 3500 emm
1660 3407 1810 3494 discere
1825 3409 2025 3550 potuisset,

377 3550 529 3655 urique
544 3547 734 3630 Graecos
755 3569 780 3626 ι
811 3564 889 3652 pro
918 3559 953 3626 A
981 3539 1195 3652 quondam
1219 3538 1420 3652 scripsisse,
1444 3545 1675 3656 eodemque
1698 3517 1997 3631 charactere
1953 3573 2024 3634 an·

383 3664 752 3784 numlignificasse.
807 3666 873 3748 Sic
888 3689 1055 3776 quoque
1072 3671 1329 3769 rationem,a
1352 3667 1558 3754 numerali
1576 3664 1771 3782 potestate
1800 3697 1865 3746 των
1887 3672 2025 3760 tode-

297 3787 300 3792 ’
385 3808 577 3908 sumtam,
607 3827 712 3918 quae
747 3793 950 3882 elementa
974 3801 1061 3878 non
1088 3795 1247 3910 semper
1273 3798 1445 3884 Graecis
1461 3794 1641 3888 indicare
1664 3823 1887 3886 numerum
1913 3805 2024 3894 deci·
2051 3865 2056 3874 ·

384 3967 506 4033 mum
523 3955 733 4054 quartum
736 3946 911 4046 reputat,
925 3925 1008 4039 ipse
1023 3925 1224 4040 infringit,
1241 3927 1343 4016 dum
1359 3929 1484 4036 addit,
1499 3933 1716 4018 recentiora
1706 3931 1867 4046 paullo
1881 3961 2023 4054 aetate,
2121 3986 2128 3993 ·

386 4087 766 4162 commemoratum
802 4062 990 4152 valorem
1028 4085 1096 4151 eas
1131 4059 1296 4148 litteras
1305 4061 1483 4150 habuisse
1526 4061 1787 4150 subiectum·
1774 4122 1788 4168 ,
1818 4097 1903 4185 quo
1926 4081 2023 4189 ipso,

384 4185 502 4324 quod
518 4204 669 4364 veritas
690 4189 918 4310 postulabat
942 4197 1019 4306 (s),
1046 4191 1103 4279 est
1122 4188 1255 4282 falsus.
1285 4190 1428 4282 Nihilo
1453 4195 1724 4284 verosimilior
1739 4196 1796 4282 est
1813 4205 2027 4320 explicatio

1902 4365 2024 4425 ts.

392 4560 1991 4588 m***-—*-ffl**-
1999 4574 2020 4589 -

372 4621 505 4790 ..lth
529 4697 668 4764 lucernis
697 4698 904 4785 aruiquorum
929 4659 1115 4763 reconditis.
1129 4686 1184 4756 lib.
1230 4692 1271 4780 (s)
1293 4689 1393 4759 Coos.
1418 4711 1577 4760 ovrrnr.
1595 4704 1812 4764 onvnanorr
1837 4691 2023 4768 arithmeti.

455 4805 485 4872 V
489 4807 511 4876 l.
526 4826 594 4892 cap.
611 4823 664 4890 99.
684 4824 754 4891 pag.
771 4821 845 4887 1119.
868 4797 933 4888 sqq.
1135 4877 1139 4912 r
1197 4809 1212 4826 '⁴
1297 4823 1368 4869 cam
1382 4797 1644 4894 chronologicam,
1658 4799 1713 4872 tib.
1723 4803 1750 4884 1.
1766 4823 1831 4892 cap.
1849 4823 1878 4888 7.
