4504 6060
894 505 940 604 sd
990 509 1012 601 )
1056 519 1114 581 ¹01
1166 507 1186 600 (
1234 497 1282 597 ab

265 666 388 756 nibus
410 664 633 758 dicendum
660 649 837 778 impuris
863 686 903 752 et
927 666 1149 780 voluptatis
1168 659 1496 777 improbiffimae
1512 659 1752 762 ministris,
1780 658 1908 755 ficuti,
2024 635 2034 758 ⁸,

214 869 218 878 .
254 801 335 888 :diu
363 824 457 888 ante
495 823 667 885 nasto.
691 821 954 885 erasmum
983 795 1062 906 (b),
1089 801 1303 914 annotavit
1327 819 1670 882 avsrararvs
1705 799 1774 906 (c).
1829 791 1910 874 Re·

252 933 412 1020 censita
434 931 632 1019 hactenus
653 948 912 1042 argumenta,
938 927 1064 1013 nossr
1091 922 1192 1040 quid
1218 925 1450 1014 iudicamus
1470 941 1594 1026 recte,
1611 923 1777 1012 abunde
1794 925 1909 1008 evin·

252 1075 376 1165 cunt,
406 1049 509 1150 nibil
530 1060 696 1175 prorsus
714 1057 815 1163 esl'e,
839 1086 916 1148 cur
938 1055 1176 1148 diffidamus
1195 1055 1290 1144 fidei
1316 1057 1533 1144 sacerdotis
1547 1057 1801 1169 Aegyptiaci,
1822 1053 1910 1163 qui,

265 1192 425 1278 Canobi
451 1195 659 1304 originem
686 1214 773 1276 non
804 1194 849 1276 in
876 1193 1070 1291 Graecia,
1103 1185 1169 1273 sed
1197 1191 1306 1274 intra
1328 1188 1508 1304 Aegypti
1541 1186 1711 1288 limites,
1740 1179 1906 1270 investi·

262 1320 444 1436 gandam
468 1319 568 1424 effe,
596 1341 899 1408 nnrsrruan
926 1318 1102 1407 edocuit.
1159 1314 1204 1402 ld
1221 1337 1381 1404 tantum
1409 1316 1610 1418 dolemus,
1626 1340 1725 1402 eum
1750 1338 1837 1400 non
1853 1308 1909 1394 sa·

254 1460 315 1540 -tis
339 1475 494 1566 aperte,
523 1451 589 1539 sed
618 1447 846 1538 secundum
865 1449 1041 1538 docendi
1067 1473 1135 1534 res
1159 1448 1290 1536 sacras
1314 1449 1582 1552 methodum,
1615 1451 1660 1535 in
1683 1447 1909 1558 Aegyptio·

252 1611 359 1672 -rum
381 1585 529 1674 scholis
548 1585 747 1687 usitatam,
770 1583 943 1673 obscure
972 1581 1203 1670 admodum
1228 1581 1439 1687 indicasse,
1473 1581 1675 1699 quidnam
1695 1581 1820 1693 ipbus
1836 1599 1910 1686 po·
2032 1645 2036 1650 .

261 1716 425 1828 pulares
449 1712 522 1802 sub
542 1713 704 1824 Canobi
741 1718 915 1801 nomine
944 1732 1068 1828 atque
1112 1714 1331 1804 simulacro
1370 1713 1527 1804 suerint
1571 1717 1766 1800 venerati.
1822 1709 1905 1794 Ve-

253 1871 373 1950 -rum,
402 1845 537 1934 lacere
552 1869 632 1931 nos
653 1843 861 1960 oportebit
885 1847 1129 1958 periculum,
1156 1873 1263 1934 num
1290 1874 1516 1938 removere
1538 1845 1752 1934 valeamus
1784 1845 1908 1962 invp·

252 1979 439 2082 lucrum,
467 1997 590 2091 atque
604 1981 660 2066 ita
685 1977 739 2066 ad
767 1975 823 2079 id,
844 1977 1115 2093 quodvoluit
1137 1980 1203 2066 ille
1226 1975 1496 2084 sacrificulus,
1515 1997 1744 2094 penetrare.
1800 1972 1909 2056 Pon*

261 2111 413 2202 deratis
447 2111 577 2220 igitur
613 2107 738 2220 ipfius
762 2105 924 2212 verbio,
963 2135 1013 2195 ac
1049 2109 1281 2223 theologiae
1322 2111 1612 2225 superstitiosae
1652 2126 1799 2194 natura
1831 2103 1909 2186 rite

252 2238 527 2343 ,confidemta
555 2235 845 2339 intelleximus,
870 2261 949 2321 nos
971 2233 1147 2326 fortaslis
1168 2267 1193 2327 a
1223 2266 1325 2327 vero
1358 2238 1468 2329 haud
1492 2238 1570 2326 elle
1606 2227 1909 2334 deflexuros,fi

260 2366 538 2471 crederemus,
563 2386 748 2454 mentem
775 2365 900 2454 huius
926 2367 1143 2456 sacerdotis
1168 2396 1220 2458 eo
1247 2369 1712 2485 rediisse,ampboreum
1736 2385 1910 2474 numen,

259 2507 306 2589 in
330 2498 575 2590 numismate
598 2497 740 2584 noslro
767 2497 998 2610 signatum,
1023 2497 1102 2589 elle
1121 2505 1350 2616 imaginem
1379 2499 1493 2590 urbis
1507 2503 1805 2617 Aegyptiacae,
1828 2497 1910 2614 Ca·

250 2633 372 2736 nobi,
388 2650 549 2718 tantum
564 2625 731 2718 libidine
745 2629 928 2734 infamis,
952 2653 1159 2744 quantum
1174 2631 1347 2722 celebris
1361 2630 1793 2747 insigniabundantia.
1821 2633 1909 2716 Ne·

259 2789 344 2877 que
361 2784 570 2866 veremur,
595 2777 642 2844 ut
664 2757 732 2844 alii
756 2783 898 2844 rerum
923 2767 1187 2875 antiquarum
1215 2771 1335 2878 periti
1366 2763 1589 2855 nobiscum
1608 2771 1659 2858 ¹in
1689 2762 1796 2852 hanc
1823 2760 1910 2846 sen·

260 2898 432 2984 tentiam
447 2882 600 2980 faciant
625 2886 924 2990 discessionem,
948 2888 1021 2978 ubi
1052 2914 1093 2979 et
1116 2893 1362 2999 rationibus,
1378 2917 1419 2982 et
1443 2896 1655 3009 exemplis,
1678 2921 1730 2982 ex
1750 2891 1909 2980 venusta

253 3030 479 3126 memoria,
506 3024 551 3107 in
566 3021 753 3107 medium
781 3013 1014 3126 afferendis,
1030 3023 1253 3174 perspicue,
1279 3045 1406 3140 prout
1434 3023 1524 3112 lieri
1542 3030 1706 3141 poterit,
1735 3023 1911 3118 demon·

250 3157 540 3257 straverimus,
564 3148 757 3240 homines
780 3149 933 3265 priscos
959 3155 1145 3242 civitates
1172 3155 1275 3259 suas,
1300 3154 1553 3269 imaginibus
1579 3154 1816 3263 symbolicis
1838 3147 1910 3236 ad·

250 3288 484 3402 umbratas,
512 3287 738 3370 numinum
770 3281 878 3388 loco,
896 3281 1059 3398 pubbce
1093 3284 1324 3374 adorandas
1353 3285 1616 3402 proposuisse.
1673 3289 1811 3371 Immo
1840 3283 1908 3399 spe

252 3409 575 3522 ,tenemurbaud
605 3410 743 3514 dubia,
771 3409 881 3514 fore,
898 3434 945 3497 ut
968 3416 1161 3519 universi,
1181 3421 1255 3529 qui
1282 3422 1453 3504 veritate
1486 3415 1764 3518 delectantur,
1776 3411 1911 3508 nobis

251 3541 536 3642 lubentiffime
566 3538 843 3630 subscribant:
879 3568 1034 3657 quum,
1059 3544 1239 3632 secundo
1277 3552 1460 3635 evictum
1486 3551 1585 3650 erit,
1623 3538 1741 3650 nibil,
1775 3570 1911 3663 neque

260 3688 306 3768 in
329 3672 531 3764 Canobici
555 3677 741 3760 numinis
767 3667 914 3786 figura,
931 3700 1066 3788 neque
1084 3681 1129 3761 in
1158 3680 1229 3780 iis,
1252 3703 1358 3792 quae
1385 3673 1547 3766 deeius
1566 3694 1715 3766 nattua
1745 3697 1786 3765 et
1811 3701 1910 3792 pro·

253 3805 565 3927 prietatibus,
552 3832 599 3892 m
638 3799 932 3916 theologorum
984 3825 1172 3894 veterum
1207 3806 1371 3910 libellis,
1397 3807 1643 3910 traduntur,
1675 3832 1907 3940 occurrere,

252 3953 363 4062 ¹quin
388 3957 576 4030 accurate
600 3940 804 4050 exprimat
838 3933 952 4023 urbis
984 3932 1269 4050 homonymae
1295 3939 1440 4037 situm,
1460 3956 1657 4024 naturam
1661 3929 1908 4054 ceteraque,

251 4099 370 4188 ,quae
402 4075 446 4153 in
487 4066 553 4155 illa
577 4064 871 4154 confideranda
898 4066 1000 4155 olim
1029 4069 1270 4172 veniebant,
1293 4085 1521 4166 momenta.¹
1595 4071 1661 4156 Sic
1701 4075 1815 4158 enim
1843 4072 1908 4156 su·

252 4197 582 4318 ,perstitiosorum
607 4221 724 4284 more
744 4218 1034 4314 comparatum
1058 4217 1156 4300 erat,
1177 4213 1236 4300 ut,
1259 4194 1383 4300 idola,
1410 4181 1597 4286 civitates
1626 4197 1812 4312 ipsorum
1841 4228 1904 4290 re·

252 4669 308 4761 ab)
330 4666 415 4740 Vide
440 4661 657 4748 ΟοΙΙσΗιιιιιιιι
689 4671 935 4762 probabimur
956 4690 1073 4763 paroe-
1117 4670 1162 4760 (c)
1184 4669 1222 4740 ln
1235 4673 1447 4744 cmmemr.
1461 4667 1507 4742 ad
1519 4667 1670 4768 Dionysi
1683 4673 1770 4746 orbis
1785 4671 1904 4765 deserte
1969 4703 1976 4713 ·

322 4779 469 4846 mierum
498 4787 531 4842 et
551 4778 785 4864 paruulorum
807 4786 978 4868 mmmm,
1000 4773 1066 4857 fri
1168 4783 1324 4874 priorum,
1341 4800 1455 4872 pagg

324 4879 854 4981 1670.iotedttan,pagqoo.
1222 4910 1250 4939 ·¹
1311 4929 1315 4938 ·
1487 4925 1491 4932 ·
