4500 6058
1005 457 1454 566 Ἡιοιῦ

364 658 464 762 quo,
493 634 629 726 iudice
652 652 889 728 Auserat.
913 648 1206 722 annovera
1234 625 1318 742 (Ple
1346 621 1639 730 adhucnemo,
1660 649 1770 742 quae
1792 627 1848 718 ad
1870 653 2034 738 numo·
2166 604 2189 730 f

360 795 457 856 rum
479 793 677 857 veterum
696 765 921 884 perfectam
938 763 1120 889 spectant
1133 763 1434 886 cognitionem,
1450 753 1691 876 diligentius
1719 762 1935 870 recensuit,
1956 772 2031 852 aut

358 901 579 1016 explicavit
601 897 853 990 dilucidius..
866 897 971 1020 Hic
993 905 1108 988 euim
1131 901 1234 988 iuris
1257 898 1486 1016 interpres,
1508 913 1550 982 et
1573 892 1828 1003 litterarum,
1854 915 1898 988 ct
1924 901 2030 986 antl-

358 1040 524 1156 quitatis
549 1032 652 1122 bene
673 1039 846 1154 peritus,
869 1007 1013 1124 oleum
1039 1029 1212 1152 perdere
1242 1035 1494 1150 pronunciat
1517 1031 1583 1148 (q)
1614 1049 1739 1148 atque
1773 1057 1947 1150 operam
1981 1041 2030 1118 d·

356 1196 519 1292 mtrem,
544 1172 620 1285 qui
637 1193 873 1296 numorum
889 1170 1067 1256 raritatis
1097 1165 1333 1262 doctrinam
1360 1161 1434 1254 sub
1457 1163 1649 1325 regqlam
1676 1165 1808 1254 velint
1827 1163 2028 1282 redigere,

356 1330 440 1422 qua
456 1269 495 1394 ιι
519 1299 677 1392 includi
692 1287 873 1420 patiatur
895 1305 1084 1394 minime.
1138 1307 1242 1394 Non
1271 1291 1457 1396 rarenter
1489 1305 1618 1410 enim,
1644 1322 1769 1424 atque
1792 1331 1845 1393 ex
1867 1307 2029 1418 impro-

354 1437 498 1544 viso,
484 1469 529 1528 m
547 1438 684 1530 lucem
709 1434 894 1557 protrahi
911 1437 1144 1530 istiusmodi
1160 1437 1289 1528 flores
1303 1439 1497 1558 lignatus,
1517 1459 1638 1528 antea
1658 1437 1724 1528 vel
1741 1443 1933 1544 rariorcs,
1957 1432 2028 1524 vel

353 1577 519 1690 penitus
541 1577 811 1690 incognitos3
838 1571 951 1664 unde
974 1567 1068 1681 fiat,
1098 1593 1147 1662 ut
1165 1577 1287 1664 numi
1312 1573 1564 1694 complures,
1589 1592 1758 1690 patrum
1784 1573 2027 1660 nostrorum

354 1711 575 1815 memoria,
594 1715 702 1796 mter
710 1733 905 1824 gemmas
920 1707 1229 1825 propemodum
1246 1713 1491 1817 enumeran,
1500 1705 1582 1796 boc
1597 1732 1703 1795 aevo
1718 1713 1827 1794 inter
1840 1703 2028 1825 quotidie

353 1839 506 1929 obvios
527 1841 772 1932 retem-tur.
803 1828 1045 1958 Equidem
1070 1863 1142 1931 aut
1167 1839 1288 1930 fallor
1311 1848 1490 1960 egregie,
1515 1861 1589 1930 aut
1614 1866 1705 1927 non
1722 1837 1917 1946 deerunt,
1938 1842 2028 1957 qui,

352 1971 467 2093 quod
490 1971 602 2062 hisce
627 1971 835 2130 magistris
853 1971 1099 2082 didicerunt,
1127 1971 1424 2092 perdifficiliter
1445 1975 1498 2066 de
1513 1979 1842 2090 uniuscuiusque
1867 1975 2027 2066 ιιιιιιιιι·

350 2112 476 2197 matis
495 2111 655 2225 antiqui
681 2113 846 2216 raritate
864 2100 977 2222 polle
997 2107 1241 2213 existimari,
1275 2135 1354 2198 nos
1381 2111 1623 2198 temeritatis
1643 2105 1755 2197 haud
1779 2107 2024 2199 condonan-

349 2244 427 2334 dae
441 2239 751 2360 postulaverint,
767 2240 906 2360 quid?
930 2241 1224 2331 damnaverint
1246 2241 1369 2348 illico,
1399 2269 1534 2360 quum
1553 2239 1703 2356 legent,
1718 2267 1799 2332 nos
1814 2242 1918 2337 adeo
1931 2267 2023 2346 nm·

233 2419 241 2428 ·
349 2373 502 2497 gnifice
520 2371 573 2462 de
600 2371 777 2489 plumbo
807 2373 951 2461 nostro
977 2373 1144 2474 sentire,
1163 2393 1214 2461 ut
1233 2367 1494 2464 'confidenter
1514 2371 1810 2483 decmnamus,
1833 2377 1934 2466 illud
1958 2403 2023 2464 ra·

336 2495 564 2602 'rtffimisfi
585 2512 728 2596 minus
746 2503 1085 2624 anteferendum,
1115 2523 1159 2595 at
1185 2505 1329 2597 saltem
1352 2506 1433 2598 elle
1455 2507 1823 2626 aequiparandum
1882 2512 1961 2602 Sed
1977 2509 2023 2600 ld

348 2645 583 2745 fereerunt,
607 2646 693 2757 qui,
713 2641 834 2731 sacris
852 2643 1095 2758 antiquariis
1111 2625 1490 2767 nuperadmodum
1503 2646 1665 2748 initiati,
1691 2641 2023 2754 arbitrabuntur,

348 2807 481 2899 quum
507 2777 818 2886 denumorum,
846 2777 1010 2867 vetullo
1036 2802 1142 2866 aevo
1170 2779 1379 2885 cusorurn,
1405 2782 1574 2868 raritate
1597 2777 1762 2893 tegulas
1783 2807 1912 2870 nemo
1939 2803 2025 2880 ιιι·

345 2919 449 3008 dene
463 2936 589 3036 queat
597 2915 824 3032 generales,
839 2935 893 3020 et,
910 2913 1172 3030 singulorum
1195 2913 1494 3004 numismatum
1510 2920 1694 3033 pretium
1715 2937 1904 3006 accurate
1920 2915 2023 3009 defi·

283 3047 292 3068 '
348 3064 452 3162 nite,
478 3077 549 3141 res
560 3051 609 3140 ιιι
628 3050 862 3140 admodum
888 3047 1059 3157 lubrica,
1082 3055 1229 3140 omnia
1252 3055 1409 3140 incerta
1429 3047 1499 3139 hic
1526 3049 1607 3139 effe
1630 3071 1755 3168 atque
1778 3061 1908 3172 quam
1930 3073 2021 3148 ma·

232 3220 234 3232 ⁴
346 3197 462 3279 xime
486 3181 707 3301 ambigue.
745 3185 846 3273 Hos
877 3209 984 3274 vero
1009 3188 1279 3306 experientia,
1311 3189 1471 3299 optima
1497 3211 1639 3274 renam
1665 3185 1875 3302 magistre,
1915 3188 2020 3284 olim

347 3319 629 3422 fiedocuerit,
659 3311 864 3403 ditiorum
902 3316 1197 3434 gazophylacia
1229 3317 1522 3464 percensentes
1540 3317 1711 3412 subinde
1744 3323 2020 3443 contemplati

347 3451 619 3572 numismata,
645 3443 749 3536 albis
774 3454 934 3540 rariora
950 3459 1091 3542 corvis
1114 3458 1184 3563 (r),
1268 3523 1302 3534 ..
1334 3483 1338 3492 ·
1398 3483 1402 3490 ·
1434 3488 1438 3497 ·
1636 3521 1639 3530 ,

763 3627 786 3650 ·
835 3629 858 3652 ·
932 3588 1121 3706 nigroque
1133 3586 1333 3703 simillima
1349 3613 1493 3703 cygno,

347 3715 814 3861 agnituros,speranurs‚
828 3741 923 3825 nos,
942 3744 1211 3838 nequaquam
1231 3718 1546 3838 affecmprevo,
1564 3740 1643 3812 aut
1658 3722 2017 3837 inconfiderautia,

346 3856 415 3946 sed
444 3831 605 3942 tatione
638 3856 779 3968 potius
808 3849 1034 3958 adductos,
1072 3859 1250 3941 maximi
1286 3823 1532 3970 plumbeum
1562 3853 1751 3944 ιιιιιιιιιιιι
1779 3857 2017 3956 aestirnuile.

350 3986 478 4102 Quod
502 3989 531 4074 ιι
551 3990 695 4092 enim,
723 3987 892 4074 nemine
918 3981 1170 4092 diffitente,
1186 3989 1273 4102 ipso
1296 3987 1460 4076 obrem
1484 3987 1625 4104 lo'nge
1631 3994 1813 4081 cariores
1838 3990 2017 4090 habendi

349 4131 443 4216 sunt
459 4127 600 4224 numi,
623 4125 717 4276 qui,
737 4115 836 4251 iude
858 4145 884 4207 a
906 4118 1075 4226 ¹renatis,
1097 4116 1218 4208 fellei·
1226 4121 1366 4226 fidere,
1392 4121 1551 4225 litteris,
1573 4123 1644 4210 ad
1643 4123 1762 4214 hanc
1777 4151 1920 4242 usque
1946 4154 2015 4218 ae·

349 4282 491 4364 tatem,
513 4261 640 4344 etiam
664 4257 709 4340 in
729 4248 1109 4370 potentiffimomm
1141 4259 1511 4378 maximorumque
1532 4281 1684 4371 regum
1708 4278 1751 4345 et
1766 4263 2014 4376 principum

350 4403 464 4522 gazis
481 4385 697 4498 ditissimis,
725 4396 800 4480 vix
820 4387 945 4559 semel
968 4409 1092 4506 atque
1114 4395 1272 4542 iterum
1298 4411 1573 4547 occurrerunt
1583 4393 1908 4562 elegantioribus
1926 4395 2053 4488 ιοιι·

1916 4557 2013 4624 m·

205 4785 206 4788 ,
329 4716 461 4814 m...
427 4718 465 4786 ln
356 4661 939 4812 Bibliotbeumarlapog.
947 4715 1113 4812 unedit.
1098 4713 1159 4786 Fa·
1191 4721 1434 4818 „potentia
1437 4733 1472 4791 et
1485 4715 1716 4820 qualitate..
1664 4731 1724 4792 m.
1748 4739 1830 4818 capg
1837 4715 1916 4792 xxi
1936 4741 2010 4814 pag.

350 4937 402 5029 (q)
419 4799 720 5012 &mmm
741 4935 782 5009 dt
804 4873 928 5010 oneris
954 4932 1164 5028 numismatis
1206 4937 1252 5028 (ι)
1226 4848 1566 5086 :grunno
1515 4916 1641 5034 fityra
1654 4937 1760 5010 Vir
1776 4938 1840 5028 165.
