4500 6058
872 597 877 604 ,
970 483 1185 607 drot
1233 489 1352 608 itt
1456 561 1458 566 ψ
1556 535 1561 542 ·

323 674 395 759 tut
421 666 612 788 speeiem,
637 671 691 761 ad
711 671 828 762 viros
843 675 1099 786 provocann’
1114 657 1346 758 eruditione
1362 668 1514 759 eximia
1540 659 1793 783 nobilitator,
1832 679 1906 796 qui
1942 679 1991 770 in

326 827 424 890 eum
453 807 613 894 sensum
640 805 731 894 loca
755 804 874 893 allata
898 803 990 891 sunt
1006 808 1271 921 interpretati
1324 801 1474 917 FeteJla,
1491 805 1627 924 inq'uit
1654 837 1759 898 ton.
1787 834 1991 902 natent·

324 963 379 1026 vs
402 940 488 1053 (p),
508 941 566 1028 od
593 959 880 1045 unavrvtu,
908 929 1239 1030 mentionem
1267 959 1308 1027 et
1341 965 1656 1049 vertunum,
1680 947 1826 1051 istum,
1844 967 1992 1063 proue-

325 1097 415 1176 cas,
458 1075 527 1190 qui
559 1099 695 1162 nunus
713 1069 903 1186 stanneus
927 1071 1211 1190 plumbeasque,
1225 1073 1275 1160 in
1299 1069 1538 1188 poematibus
1559 1097 1599 1166 et
1619 1075 1766 1194 legiler
1795 1081 1993 1184 Romanis,

324 1227 634 1296 commemorant.
692 1205 890 1323 Siquidem
911 1210 986 1300 vix
1002 1207 1149 1312 credes,
1177 1227 1364 1325 quantam
1387 1227 1491 1295 totus
1512 1212 1742 1304 criticorum
1755 1215 1919 1331 furatus
1946 1213 1992 1301 in

323 1333 512 1456 Permuffo
532 1337 779 1430 melittaena
808 1343 934 1429 tituto
953 1341 1261 1456 indignationem
1296 1343 1536 1460 conceperit,
1561 1342 1654 1432 dum
1679 1345 1859 1462 sollerter
1881 1343 1992 1435 utoni

318 1467 491 1588 plumbei
512 1496 589 1590 per
622 1471 744 1563 ululas
768 1497 924 1564 aeratos
954 1505 982 1563 u
1025 1499 1365 1580 scnttorno,
1402 1499 1680 1582 envreno,
1722 1489 1991 1569 cnsnvn'o·

195 1681 206 1704 .
309 1609 397 1674 -πο
426 1607 468 1674 et
495 1614 842 1677 rnvnmnutuo
878 1586 1202 1705 explicabunturt
1221 1587 1270 1674 ul
1295 1591 1561 1696 sCtisantem,
1586 1610 1628 1677 et
1645 1586 1993 1682 nordmanno

324 1723 508 1829 eteaxime,
523 1725 605 1840 per'
624 1726 782 1842 quomis
799 1727 940 1842 parui,
967 1745 1038 1812 ant
1074 1720 1231 1814 vilioris
1245 1726 1374 1843 pretii
1390 1752 1538 1829 numos,
1566 1745 1606 1814 et
1624 1727 1867 1844 quadrantes
1878 1729 1994 1846 sper*

290 1855 491 1947 tulerim
535 1856 816 1947 reddebantur.
866 1864 1074 1963 Maxima,
1110 1855 1265 1965 fateor,
1292 1857 1361 1948 hic
1393 1864 1572 1947 citantur
1601 1863 1796 1966 nomina,
1831 1865 1994 1979 virique

263 2095 266 2100 ¹
323 1991 646 2108 producunmt,
700 2016 800 2079 cum
851 1990 1004 2109 quibus
1040 1987 1246 2079 dissentire
1274 1987 1333 2078 'est
1373 1983 1562 2104 r'eligiot
1613 2010 1657 2076 at
1686 1990 1995 2104 tuncdemum,

323 2131 475 2242 quum,
501 2151 608 2241 quae
627 2123 876 2227 decernunt,
916 2123 1052 2240 aliqua
1080 2123 1220 2210 saitem
1263 2127 1367 2243 veri·
1384 2121 1570 2236 praedita
1597 2109 1691 2210 sunt
1717 2124 1995 2234 similitudine,

326 2285 408 2376 qua
429 2279 584 2363 antem,
598 2254 675 2343 hac
697 2261 742 2343 in
761 2252 910 2360 caussa,
928 2257 1097 2371 prorsus
1106 2253 1392 2344 destituuntur.
1417 2248 1812 2380 antoninum
1837 2263 1994 2351 emina

325 2417 431 2478 vero
457 2391 560 2503 legis
592 2387 815 2476 Corneliae
851 2396 1071 2478 numeriae
1105 2387 1219 2475 sensu
1250 2381 1486 2503 longissime
1510 2385 1724 2515 abemli'e,
1750 2393 1873 2508 snpra
1904 2398 1993 2484 iani

326 2523 386 2614 est
421 2527 618 2612 evictum.
681 2523 762 2628 Et,
796 2521 1158 2639 quemadmodum
1194 2525 1365 2629 critici,
1392 2547 1502 2640 quoe
1535 2547 1786 2616 narsaeus
1813 2529 1992 2654 testatum

327 2665 548 2776 propterea
577 2675 784 2746 enne-rr
814 2675 856 2744 et
881 2661 1194 2748 maurianis
1218 2683 1375 2752 numos
1391 2655 1612 2774 plumbeos
1634 2657 1685 2749 de
1705 2669 1994 2781 aetatisexpu·

327 2793 498 2882 suerunt
521 2789 670 2897 obolis,
697 2795 916 2906 quoniam,
940 2815 1230 2881 noromnnrao
1266 2789 1506 2906 adstipulari,
1541 2790 1823 2904 crediderunt,
1857 2796 1993 2914 plum-

289 2951 295 2956 ·
326 2925 451 3016 bearn
473 2945 689 3014 monetam
722 2921 884 3040 legibus
905 2922 1021 3013 fitiiie
1045 2925 1330 3014 interdictam:
1356 2926 1411 3014 iic
1433 2924 1574 3016 nullus
1596 2925 1758 3036 dubito,
1782 2935 1885 3048 quin
1900 2959 1994 3022 mu·

264 3105 270 3118 ·
327 3059 475 3148 eadent
497 3077 704 3160 mentem,
729 3057 760 3144 fi
781 3059 1002 3172 iurisperiti
1025 3055 1149 3146 huius
1192 3055 1455 3174 agnovissent
1497 3085 1704 3192 etrum
1756 3055 1903 3174 Quint
1921 3093 1993 3155 ve-

326 3195 486 3298 roilli,
516 3195 588 3310 qui
622 3193 903 3305 argumentis,
939 3219 965 3279 a
998 3196 1192 3278 virorum
1235 3188 1533 3306 percelebrium
1572 3198 1818 3283 auctoritate
1846 3197 1993 3305 ductis,

326 3329 518 3432 militant,
543 3350 632 3412 non
665 3327 883 3432 immerito
906 3320 1057 3410 iisdem
1090 3326 1222 3412 annis
1247 3321 1525 3436 repellantur:
1567 3321 1705 3413 licebit
1729 3327 1851 3418 nobis
1886 3357 1993 3449 quo·

327 3491 412 3581 qne
438 3462 659 3546 nominare
677 3464 792 3544 viros
821 3476 864 3544 et
882 3455 1038 3573 legum,
1070 3478 1112 3546 et
1133 3458 1432 3562 litterarum,et
1452 3453 1582 3546 totius'
1599 3466 1853 3578 antiquitatis
1865 3463 1993 3562 'valoe
2079 3547 2080 3552 t

328 3620 499 3720 gnaros,
524 3594 598 3707 qui
621 3587 844 3675 nobiscum
859 3591 1107 3706 conspirant.
1162 3594 1228 3678 Ex
1252 3588 1407 3678 horum
1431 3616 1612 3679 numero
1645 3595 1702 3683 eii
1727 3595 1994 3712 graviifimue

328 3738 434 3828 iuris
470 3728 654 3838 Romani
677 3729 892 3839 interpres,
921 3749 1038 3814 tart.
1072 3749 1337 3814 vincerer.
1378 3748 1644 3821 unanima
1685 3739 1778 3849 (qi
1830 3713 1992 3822 Diserte

325 3873 446 3955 enim
474 3857 687 3965 affirmat,
721 3851 843 3946 toties
866 3877 1098 3946 memorata
1125 3859 1217 3972 iege
1253 3849 1448 3947 Cornelia
1471 3859 1672 3948 iudicium
1698 3868 1743 3950 in
1774 3865 1869 3956 ilios
1890 3867 1993 3961 dart,

329 4009 403 4123 qui
418 3995 646 4116 pretiosiori
665 3989 832 4081 metallo
847 3989 1029 4083 deterius
1043 3987 1292 4094 infuderint3
1319 3997 1392 4106 qui
1409 4014 1625 4084 metretam
1642 4001 1908 4111 ostenderint,
1928 4025 1993 4088 ro·

326 4142 474 4240 serint3
500 4133 572 4250 qui
588 4122 801 4214 nannius
812 4123 922 4214 hisce
942 4125 1214 4240 praestiterint
1223 4147 1371 4240 opem,
1381 4143 1455 4212 ant
1471 4145 1817 4223 monetmrextta
1838 4136 1994 4250 locum,

240 4323 250 4346 .
328 4275 445 4387 operi
465 4265 576 4368 hnic,¹
600 4257 707 4347 iussu
729 4256 929 4374 publico,
953 4258 1214 4380 destinatum,
1240 4259 1504 4372 signaverint
1555 4263 1624 4346 Ne
1647 4263 1824 4356 verbulo
1850 4297 1996 4368 autem

272 4429 276 4438 ’
331 4419 499 4508 monet,
537 4379 684 4488 e'adem
716 4392 808 4526 lege
830 4413 989 4491 numos
1007 4389 1228 4512 plumbeos
1259 4387 1461 4482 interdici.
1514 4393 1609 4482 Nec
1632 4402 1775 4492 minus
1802 4430 1994 4504 cotun.

1880 4573 1991 4640 cm·

2246 4741 2247 4784 l

333 4863 388 4966 (a)
408 4870 672 4960 Lot-ciuium·
690 4879 721 4962 t·
850 4867 854 4880 '
982 4822 990 4834 '⁵
1108 4863 1115 4878 '
1253 4855 1559 4943 otia'uoreom.
1588 4883 1788 4948 unetovn
1814 4823 2012 4973 eduum

331 4985 383 5074 (q)
398 4985 572 5076 Originum
597 4981 689 5052 iuris
708 4975 817 5054 ciuilia
836 4971 891 5051 ltu.
914 4961 970 5053 ill.
992 4990 1138 5074 eperum,
1246 4987 1317 5069 pig.
1333 4979 1395 5065 451,
