4504 6060
875 513 876 516 ψ
1002 473 1394 595 armatu

376 677 461 747 tem
479 683 635 752 nomen
660 657 795 772 hydrii
813 659 935 750 huius
949 663 1134 748 numinis
1156 655 1210 746 ad
1235 653 1493 750 Canobicam
1509 662 1720 746 civitatem
1741 659 1938 772 pertinet:
1967 659 2022 746 fic

376 803 502 884 etiam
526 820 801 912 cetera,quae
827 798 878 885 de
899 796 971 884 illo
997 795 1230 884 docuerunt
1246 788 1470 897 sacrificuli,
1496 790 1548 881 ad
1582 791 1687 880 banc
1706 789 1931 890 commode
1956 820 2021 881 re·

375 925 577 1017 feruntur.
641 932 801 1018 Vmula
820 937 948 1038 enim,
977 937 1045 1021 cui
1072 930 1191 1019 virile
1214 928 1455 1045 impolitum
1480 927 1537 1014 est
1571 947 1705 1042 caput,
1734 928 1856 1015 satum
1900 926 2023 1017 huius

373 1065 488 1150 urbis
519 1061 695 1152 declarat
716 1073 838 1181 atque
863 1069 1031 1171 indicat,
1069 1075 1161 1153 eam
1188 1090 1318 1180 prope
1343 1063 1430 1150 Nili
1454 1066 1587 1177 ripam
1618 1058 1733 1148 fuisse
1762 1061 2021 1160 exstructam,

376 1197 433 1282 Vt
449 1223 499 1281 eo
521 1195 679 1284 facilius
695 1205 946 1317 aequiusque
963 1200 1014 1288 de
1035 1197 1162 1288 buius
1182 1203 1440 1285 coniecturae
1458 1197 1599 1284 valore
1624 1213 1776 1311 queant
1792 1195 2023 1281 existimare

217 1341 228 1352 '
374 1335 621 1443 antiquarii:
649 1333 856 1446 oportebit
874 1361 968 1441 not,
985 1359 1081 1422 cum
1100 1330 1262 1421 Canobi
1280 1333 1401 1417 titum
1418 1329 1556 1445 paullo
1577 1317 2016 1418 accuratiutdescribe·

372 1489 431 1566 re,
458 1485 549 1550 tum
560 1470 681 1550 etiam
692 1485 880 1554 veterum
893 1462 1060 1553 firmare
1075 1465 1329 1569 testimoniis,
1353 1469 1582 1580 Aegyptios
1594 1463 1750 1578 aqualis
1772 1487 1897 1547 urnae
1915 1458 2023 1575 figas

373 1613 421 1686 ta
432 1599 579 1685 Nilum
597 1597 832 1712 defignass'e.
889 1598 1017 1710 Qod
1042 1597 1094 1686 ad
1114 1604 1230 1713 prius
1250 1602 1406 1700 attinet,
1444 1594 1664 1692 Canobus,
1696 1599 1812 1677 nomi
1831 1592 2025 1679 Menelai·

356 1738 444 1844 xtici
469 1733 725 1848 metropolit,
747 1737 809 1819 uti
837 1756 1161 1820 erorrntareo
1204 1731 1271 1844 (z)
1305 1729 1469 1832 dicimr,
1503 1726 1682 1829 testibus,
1716 1749 2024 1830 maternam,

372 1868 618 1958 Heracleota
640 1868 706 1979 (a)
730 1886 771 1953 et
807 1888 1186 1954 aonraamnro
1244 1862 1333 1976 (b),
1373 1859 1557 1948 Africam
1589 1860 1641 1946 ab
1672 1860 1764 1946 Asta
1795 1856 1899 1943 olim
1942 1855 2024 1944 dis·

378 2007 626 2090 terminavit.
672 2001 786 2088 Hinc
816 1999 873 2086 est
888 1998 1034 2114 procul
1050 1994 1191 2100 dubio,
1208 1997 1322 2111 quod
1346 2020 1656 2084 AESCHYLVS
1682 1997 1748 2105 (c)
1778 1997 1955 2085 cecinit:

536 2130 657 2211 ”Erro
679 2129 788 2211 πέλας
809 2129 974 2217 Κάνωβος
992 2125 1134 2226 ἐσχάτη
1153 2127 1295 2224 χθονός.

518 2298 521 2307 2
544 2251 646 2340 Vrbs
664 2249 717 2360 est
735 2243 910 2337 Canobus
925 2247 1063 2335 ultima
1087 2266 1245 2347 terret,

374 2383 650 2496 Aegyptiacae
672 2385 877 2467 nimirum
901 2445 913 2486 ,
939 2379 1118 2488 Libyam
1144 2374 1298 2464 versus.
1359 2369 1426 2457 Ab
1447 2365 1707 2475 Alexandria,
1733 2391 1782 2460 ut
1796 2378 2025 2464 memoriae

374 2515 649 2636 prodiderunt
669 2538 835 2600 sraaro
864 2513 929 2627 (d)
967 2535 1019 2616 et,
1039 2515 1111 2626 qui
1136 2508 1249 2596 bunc
1274 2503 1612 2619 geographorum
1639 2506 2026 2615 praestantiffimum

375 2657 569 2768 sequitur,
602 2673 932 2748 strennuus,
949 2645 1124 2733 terrestri
1142 2637 1299 2745 itinere,
1331 2641 1504 2744 ,distabat
1521 2661 1690 2729 centum
1715 2647 1862 2756 viginti
1879 2645 2026 2736 stadiis.

376 2793 490 2878 Cum
514 2784 579 2910 hin
609 2785 844 2873 duumviris
869 2781 1127 2868 consentiunt
1149 2777 1281 2862 ferme
1306 2803 1549 2864 nmmtnuvs
1573 2802 1880 2868 marceamus
1896 2781 1965 2896 (e)
1981 2807 2025 2872 et
2093 2818 2096 2828 ·

376 2941 700 3015 tarrauarttvs
724 2907 799 3030 (f),
825 2937 973 3029 quum,
994 2911 1122 2997 hocce
1140 2907 1344 3024 oppidum
1379 2939 1403 2997 a
1429 2911 1565 3024 paullo
1589 2916 1829 3001 recentioris
1848 2918 2024 3036 Aegypti

375 3054 480 3146 urbe
495 3053 681 3169 principe
701 3041 953 3134 duodecimo
973 3039 1105 3157 lapide
1121 3039 1374 3128 disiunctum
1392 3039 1521 3146 iuiffe,
1540 3038 1730 3156 scribunt.
1741 3051 1881 3156 Qam
1898 3057 2019 3143 inter·

376 3189 618 3307 capedinem
650 3188 860 3298 quianon
895 3175 999 3265 adeo
1019 3177 1191 3289 longam
1213 3173 1420 3262 iudicabat
1454 3192 1789 3268 arnartnevs
1814 3191 1901 3298 (gp
1936 3217 2023 3279 non

374 3325 599 3421 dubitavit,
617 3313 840 3418 Canobum
861 3315 1049 3398 vicinum
1077 3309 1212 3396 dicere
1233 3307 1512 3397 Alexandriae.
1568 3307 1705 3398 Stabat
1722 3337 1859 3404 autem
1886 3325 2022 3412 Cano·

374 3465 455 3554 bus
480 3462 525 3542 in
555 3451 643 3540 Niii
664 3437 871 3551 littoru‘et
890 3469 940 3530 eo
957 3440 1125 3557 quidem
1151 3440 1258 3542 ioco,
1279 3438 1380 3543 ubi,
1407 3469 1482 3557 per
1503 3443 1653 3530 ostium
1674 3447 1925 3543 occidentale
1954 3489 2023 3551 ex·

375 3595 543 3689 timum,
584 3583 739 3666 fluuius
765 3578 832 3662 iiie
852 3603 979 3690 aquas
995 3578 1084 3661 suas
1104 3599 1200 3660 cum
1222 3579 1392 3660 marinis
1412 3575 1533 3664 undis
1548 3577 1650 3663 oiim
1673 3584 1866 3675 miscebat
1879 3619 1893 3692 3
1923 3621 2024 3708 qua.

377 3743 549 3845 propter
584 3719 708 3800 etiam
739 3707 891 3794 ostium
919 3705 1020 3792 illud
1041 3703 1271 3792 Canthicum
1298 3714 1516 3794 nominare
1548 3711 1678 3799 solent
1710 3723 1935 3838 geographi
1953 3761 2025 3822 ve.

378 3857 499 3950 teres.
554 3859 868 3938 nascautur
895 3833 960 3944 (h)
985 3855 1095 3924 certe
1129 3831 1235 3920 banc
1257 3835 1406 3923 urbem
1430 3839 1608 3929 collocat

725 3987 730 3998 “
783 3975 908 4051 Νέιλου
931 3968 1019 4073 πςδς
1040 3969 1137 4072 αὐτῷ
1159 3964 1324 4063 στόματι.
1601 3996 1608 4008 ’

779 4092 981 4211 mappa
1000 4089 1085 4180 utu
1102 4087 1246 4205 ostana
1307 4111 1310 4118 ·

371 4544 425 4628 (ι)
445 4533 665 4634 Ganga-aphia
687 4528 755 4600 Lib.
769 4527 843 4599 1111.
857 4549 924 4614 etp.
947 4546 974 4613 ς.
1225 4529 1274 4606 (d)
1296 4525 1366 4598 Lib.
1379 4525 1482 4598 XVII.
1498 4549 1567 4618 pag.
1588 4549 1664 4620 1152.

375 4655 424 4742 (a)
447 4649 485 4717 [ῃ
499 4648 640 4738 pmplo,
656 4665 727 4733 pag.
745 4663 776 4728 7.
802 4639 876 4708 edit.
889 4636 1049 4706 Hudioni.
1220 4645 1264 4717 (e)
1286 4637 1376 4704 Luco
1401 4639 1507 4707 citato.

279 4775 283 4782 -
364 4743 426 4848 qq)
448 4752 712 4846 compendiatim
745 4741 965 4840 geographiae
1005 4743 1169 4841 exprrsitia·
1218 4745 1268 4833 (f)
1291 4745 1340 4812 Ad
1362 4747 1505 4840 Virgilii
1517 4743 1686 4846 Georgica,
1702 4753 1754 4828 lib.
1771 4757 1842 4828 1111.
1859 4781 1889 4831 v.
1905 4777 1978 4854 287.

444 4883 522 4934 num
538 4855 593 4926 fib,
611 4857 635 4924 Ι,
649 4875 716 4943 cap,
735 4873 763 4938 3.
1159 4893 1161 4898 ·
1224 4851 1491 4946 (gi'Dcipnosopb.
1512 4853 1566 4924 tib.
1583 4857 1654 4928 v11.
1670 4885 1740 4953 pag.
1749 4867 1822 4953 326.
1834 4867 1874 4937 A.

271 4988 274 4996 .
328 5026 335 5037 .
377 4977 424 5066 (c)
445 4974 485 5044 [η
505 4962 690 5042 Prometheo
705 4969 825 5046 vincto,
839 4982 869 5032 v.
884 4971 954 5054 845.
1036 5020 1044 5030 .
1218 4959 1267 5048 (bi
1287 4958 1377 5031 Loco
1402 4964 1510 5047 citato,
1530 4987 1559 5038 v.
1573 4971 1647 5055 846.
