4504 6060
1007 527 1411 634 direti-H

255 727 266 748 ·
387 685 479 783 sum
507 718 621 784 nunt
643 687 776 785 fatere
796 685 1006 806 pollemus
1038 693 1285 811 plumbeum
1316 691 1534 797 nostrum,
1577 687 1623 778 ln
1645 687 1765 782 cuius
1781 689 2027 807 'interpreta-

383 823 499 916 tione
516 825 570 912 iic
586 823 678 912 setis
692 825 850 912 fuimus
870 822 1021 914 multi:
1060 826 1395 936 nifi,nostrerum
1417 827 1597 942 partium
1610 821 1701 928 effe,
1720 823 2026 937 arbitraremur,

384 979 631 1070 expromere
656 961 781 1046 etiam
810 952 987 1063 mulsae,
1020 957 1172 1074 quibus
1198 955 1427 1048 thitee
1453 953 1617 1070 impolfi
1658 980 1755 1041 eum
1778 953 2027 1072 plumbeum

370 1083 590 1181 nostrum,
618 1104 712 1173 tum
741 1087 843 1175 elios
865 1112 1022 1176 numos
1041 1088 1291 1204 complures,
1316 1083 1461 1203 paillm
1484 1090 1530 1172 in
1554 1080 1835 1172 cimeliarchiis
1857 1083 2025 1188 obvios,

379 1217 426 1304 in
447 1211 650 1304 Hadriani
674 1223 923 1308 memoriam
938 1217 1153 1325 liullemnt
1195 1219 1357 1334 ignari.
1436 1217 1605 1306 Herum
1642 1219 1874 1332 principem
1904 1216 2025 1304 litam

379 1343 497 1438 fuill'e
522 1343 767 1434 crediderim
789 1349 835 1434 in
857 1351 1010 1436 eximia
1028 1347 1096 1436 illa
1121 1353 1316 1455 caritate,
1357 1373 1440 1463 qua
1462 1345 1575 1436 hunc
1605 1349 1902 1462 imperatorem
1924 1343 2025 1432 dile·

377 1475 478 1568 alise
500 1473 715 1566 universos
744 1477 1054 1595 propemodum
1091 1478 1350 1592 Aegpptios,
1389 1477 1645 1567 documento
1672 1475 1729 1562 est
1756 1481 1906 1590 ingens
1936 1474 2022 1561 Ha·

377 1609 514 1706 driani
540 1605 773 1698 honoribus
797 1607 1031 1697 dicatorum
1053 1609 1352 1696 numismatum
1377 1607 1586 1713 cumulus,
1612 1611 1685 1726 qui
1702 1626 1843 1694 tantus
1859 1603 1938 1693 cll'e
1955 1604 2024 1694 de·

376 1739 664 1857 prehenditur,
694 1761 743 1827 ut
768 1745 1070 1855 imperatorum
1094 1742 1388 1828 Romanorum
1413 1745 1627 1828 neminem
1662 1759 1725 1826 tot
1752 1743 1895 1826 numis
1920 1737 2024 1834 cele·

377 1873 603 1977 breverint,
631 1893 736 1988 quot
749 1871 951 1960 Hadriani
968 1896 1127 1958 nomen
1146 1869 1199 1955 ab
1215 1875 1383 1958 interitu
1399 1873 1528 1957 anniti
1543 1871 1638 1958 sunt
1659 1869 1878 1958 vindicare.
1895 1876 2021 1993 Nem,

376 2001 700 2106 Alexandrinos,
736 1999 1114 2116 Apollonopolites,
1147 1997 1402 2103 Arsinoites,
1430 2000 1642 2104 Bufirites,
1675 1997 1906 2103 Cebaiites‚
1934 2001 2021 2087 Co·

374 2137 521 2253 ptitas,
545 2129 843 2243 Cynopohtes,
869 2127 1143 2243 Diospolites,
1178 2129 1542 2246 Heracleopolitas,
1568 2128 1907 2244 Hermopolites,
1932 2130 2020 2239 Hy·

374 2261 558 2390 pselitas,
586 2261 927 2380 Leontopolites,
954 2260 1253 2376 Lycopolites,
1279 2259 1557 2377 Memphites,
1592 2260 1851 2366 Mendesios,
1881 2266 2020 2350 Mene

372 2396 521 2496 laites,
557 2393 791 2499 Metelites,
826 2389 1154 2503 Oxyq’nchites,
1191 2395 1464 2510 Panopolites,
1496 2393 1738 2499 Pelufiotas,
1773 2395 2023 2502 Pioemytes,

371 2526 621 2640 Prosopites,
655 2527 794 2626 Saites,
827 2522 1097 2634 Sebennytes,
1133 2523 1387 2631 Sethroites,
1423 2529 1642 2631 Tanaitas,
1670 2523 1873 2628 Thinites,
1904 2530 2017 2614 Ten·

372 2663 518 2777 syrites
561 2675 800 2770 teretesque
834 2659 1022 2740 civitates
1056 2656 1329 2768 Aegyptiacae
1360 2657 1492 2742 ferme
1527 2677 1716 2760 cuntes,
1756 2681 1910 2746 numos
1934 2663 2020 2749 Ha.-

372 2783 509 2869 drieni
541 2781 693 2867 cudiile
729 2780 904 2884 honori,
935 2807 1042 2866 ron.
1079 2809 1398 2870 nnnovrnvs
1431 2789 1492 2892 (c)
1530 2792 1615 2875 iam
1647 2787 1906 2894 observavit,
1943 2823 2019 2888 nee

371 2917 592 3042 quisquam
639 2937 824 3016 eorum,
878 2913 950 3026 qui
985 2937 1108 3025 gazas
1155 2913 1293 3029 paullo
1335 2916 1615 3005 instmctiores
1661 2917 1784 3004 oculo
1835 2909 2019 3039 diligenti

369 3041 684 3160 perlustratum,
720 3045 898 3155 ignorat.
923 3044 1153 3156 Cognovit
1171 3067 1310 3133 eutem
1337 3045 1575 3136 Hadrianus
1608 3045 1854 3140 habitatores
1881 3059 2017 3173 Aegy-

226 3287 231 3296 ·
370 3179 434 3289 pti
457 3173 612 3287 gloriae
640 3171 734 3257 suae
769 3165 1078 3260 studioillllmos
1109 3161 1474 3291 cupidiffimosque
1514 3196 1683 3294 propter
1716 3178 1951 3299 frequentes
1971 3198 2017 3282 pn

370 3305 450 3404 hac
476 3307 649 3416 regione
670 3305 1046 3404 commorationem
1077 3311 1233 3424 quippe
1249 3333 1377 3422 quam
1403 3306 1472 3394 sue
1497 3310 1720 3422 praesentia
1743 3315 2016 3414 cohonestass'e

371 3443 537 3566 imperii
559 3439 678 3523 annis
701 3442 847 3541 tertio,
876 3437 1009 3540 sexto,
1034 3433 1314 3545 duodecimo,
1341 3438 1504 3564 decimo
1529 3446 1681 3549 tertio,
1707 3445 1872 3538 decimo
1896 3461 2015 3571 quin·

276 3581 285 3602 ·
371 3589 419 3656 to
441 3589 483 3656 et
522 3567 686 3654 decimo
727 3569 873 3671 sexto,
911 3565 1089 3656 dilucide
1118 3571 1464 3660 commonstravit
1502 3599 1702 3665 auron.
1745 3606 1873 3670 eaor
1920 3589 2014 3702 (d).
2069 3671 2072 3674 ,

371 3696 569 3810 Inprimis
605 3711 746 3778 eutem
776 3693 1004 3806 Aegyptios
1033 3693 1106 3784 srbi
1130 3699 1318 3789 devinxit
1341 3701 1577 3790 Hadrianus
1606 3707 1762 3798 collatis
1785 3715 1829 3799 in
1853 3741 1928 3803 eos
1945 3715 2014 3804 he·

370 3813 532 3910 nehciis
548 3823 898 3932 ornamentisque.
926 3821 1040 3904 Nam
1057 3822 1130 3901 coir
1153 3823 1302 3917 πόλεις,
1327 3827 1455 3916 verbe
1471 3836 1691 3924 reo’tamus
1718 3865 1820 3925 ron.
1843 3867 2012 3934 xrrnr.

370 3987 489 4052 mii
521 3965 622 4070 (e),
654 3971 724 4048 coir
748 3957 1122 4080 contremiscentes
1148 3974 1220 4051 ross
1247 3975 1412 4069 όαηαὸαυς
1446 3989 1818 4088 μεγαλοπρεπέστατα
1847 3993 2013 4094 wibert.

371 4089 516 4172 πολλαὶς
538 4091 597 4189 pir
619 4086 691 4191 peip
719 4081 799 4168 eila
822 4091 958 4183 αὐτῶν,
988 4093 1076 4174 ’ὅσας
1098 4092 1200 4178 soleis
1225 4096 1341 4182 ἄλλος
1363 4105 1611 4216 immeritae.
1638 4112 1773 4196 πάσαις
1791 4111 1826 4196 di
1847 4121 1893 4200 οἷς
1911 4129 2011 4206 sanese

367 4205 589 4324 ἑπιαόυςηαε,
609 4217 696 4287 ταῖς
714 4208 776 4306 pe
795 4200 897 4314 ὕδωρ,
922 4220 1004 4296 ταῖς
1025 4203 1062 4300 dl
1078 4220 1243 4318 λιμένας,
1264 4217 1360 4302 σῖτὸν
1379 4251 1422 4308 rt
1440 4228 1498 4308 eorl
1516 4226 1630 4332 ἔργα,
1651 4233 1709 4314 καὶ
1728 4232 1930 4339 χρήματα,
1953 4243 2011 4320 καὶ

1903 4386 2012 4458 reptes

374 4536 1339 4581 mmmmm-„u—
1359 4563 1521 4582 ..ι-...-

371 4672 417 4764 (cl
436 4673 477 4752 in
490 4677 636 4772 nestora
655 4682 818 4792 Augusta,
839 4709 881 4756 ex
901 4691 1009 4758 armis
1025 4694 1172 4782 antiquis
1215 4691 1262 4778 (dt
1283 4691 1584 4770 vitioccinrad
1601 4703 2011 4802 A.C.119,122,128,129,

435 4784 784 4884 &atrebatesque
814 4792 992 4884 restituta,
1031 4797 1169 4892 Operum
1278 4819 1323 4883 ¹31
1344 4817 1375 4872 et
1395 4825 1455 4890 132.
1693 4853 1703 4869 s

431 4885 643 4980 (ostreorum,
657 4917 805 4992 pappsp,
1213 4915 1258 4984 tc)
1279 4903 1349 4982 bib.
1366 4909 1527 4980 lxviiii.
1541 4935 1614 5004 pag.
1630 4937 1704 5004 790.
1719 4913 1752 4986 B.
