4500 6058
984 533 1033 633 d
1079 535 1101 630 l
1153 559 1196 612 ²2
1243 535 1262 633 (
1310 535 1358 634 ἕ

350 706 478 824 idque
500 695 604 790 adeo
638 699 807 801 severe,
833 715 881 786 ut
903 725 958 788 ne
976 697 1147 816 quidem
1169 723 1221 786 ex
1239 693 1455 788 vilioribus
1482 697 1657 790 metallis
1680 723 1835 790 numos
1859 701 2011 794 cudere

347 843 525 937 licuerit.
605 838 654 922 ln
694 833 817 924 aliam
853 839 968 922 enim
1010 853 1180 950 partem·
1206 833 1317 924 baud
1350 819 1643 950 interpretatos
1681 835 1760 926 effe
1796 837 1905 956 ipsos
1934 821 2011 923 've-

290 1051 297 1060 ,
349 1001 459 1066 teres
479 973 588 1064 banc
605 969 775 1088 legem,
798 963 1021 1073 confirmat
1046 968 1282 1058 testimonio
1322 999 1377 1076 o,
1395 991 1627 1058 Ascorsrr
1665 995 1919 1074 rsuram,
1947 967 2010 1056 dl·

340 1115 453 1202 serte
486 1099 696 1194 scribentis
731 1103 803 1208 (c),
826 1096 969 1188 iubere
995 1097 1117 1217 legem
1147 1097 1368 1190 Corneliam
1397 1101 1644 1204 numeriam,
1668 1129 1769 1218 quae
1799 1105 1849 1191 de
1882 1129 2011 1190 mone·

348 1266 418 1348 m,
445 1267 497 1330 tre
512 1235 601 1360 quis
615 1231 823 1354 pecuniam
837 1227 1012 1346 faceret,
1021 1231 1106 1321 live
1123 1227 1192 1317 illa
1215 1253 1339 1318 aurea
1358 1221 1454 1314 esset
1470 1247 1760 1344 argenteaque,
1770 1227 1855 1319 srve
1880 1257 2013 1335 aerea,

284 1465 290 1478 ,
347 1393 423 1467 aut
452 1363 660 1488 plumbea.
713 1363 938 1462 Praeterea,
962 1359 1075 1452 idem
1100 1387 1507 1467 nnvnnnorrvs,
1536 1361 1921 1479 postquam,variis
1945 1393 2012 1454 ar·

347 1509 584 1630 gumoens,
608 1522 713 1590 vtro
752 1491 850 1584 fecit
885 1495 1037 1606 limile,
1085 1494 1232 1604 verba,
1265 1493 1317 1585 de
1354 1491 1507 1612 quibus
1540 1489 1609 1582 hic
1639 1492 1939 1614 disceptamus,
1964 1495 2020 1585 li·-

349 1643 589 1732 brariotum
622 1627 763 1747 culpa,
788 1627 897 1716 male
926 1628 1022 1720 sana
1047 1627 1100 1718 ad
1123 1653 1204 1720 nos
1224 1621 1473 1745 pervenisse,
1498 1623 1643 1732 docet,
1664 1627 1817 1718 auxilio
1841 1629 2014 1718 sanioris

336 1780 535 1876 ⁸critices,
554 1760 708 1854 menda
736 1765 793 1849 ita
819 1759 908 1848 tolli
929 1781 1144 1880 oportere,
1164 1781 1211 1848 ut
1226 1765 1273 1849 in
1293 1755 1507 1878 posterum
1529 1759 1715 1874 legatur:
1770 1757 1915 1848 Eadem
1930 1758 2013 1878 lege

346 1905 608 2028 exprimitur,
634 1925 685 1984 ne
705 1895 792 2012 quis
825 1921 961 1982 numos
971 1891 1125 2010 seilicet
1153 1920 1292 1983 aureos
1317 1913 1357 1980 et
1377 1909 1583 2008 argenteos
1597 1887 1842 2010 plumbeam
1866 1911 2015 1986 temere

346 2037 522 2133 vendere
544 2028 630 2124 dolo
661 2025 762 2118 malo
788 2027 914 2116 vellet.
967 2029 1074 2115 Rem
1098 2027 1223 2115 acusr
1251 2029 1385 2141 tetigit
1409 2021 1557 2112 Gallus
1575 2023 2014 2144 illeerudittrs51lque

345 2173 418 2264 hic
444 2171 653 2288 genuinus
677 2157 884 2268 estbuins
908 2159 1214 2247 constitutionis
1237 2152 1436 2274 legendae
1466 2152 1642 2244 modus:
1666 2155 1771 2246 adeo
1792 2183 1883 2246 non
1905 2159 2014 2249 mili·

315 2327 408 2394 .tat
436 2319 582 2392 contra
614 2291 779 2412 plumbi
806 2297 852 2379 in
892 2297 1153 2382 commercio
1191 2291 1315 2379 usum
1347 2287 1534 2378 Cornelii
1566 2287 1734 2396 tabula,
1758 2311 1807 2380 ut
1831 2291 2015 2381 eundem

216 2431 219 2438 ’
346 2441 491 2555 potius
504 2451 621 2520 extra
642 2451 818 2514 omnem
835 2420 1103 2514 dubitationis
1129 2443 1259 2544 ponat
1274 2421 1421 2512 aleam.
1474 2423 1592 2512 Dum
1620 2429 1732 2512 enim
1759 2449 1913 2541 poena,
1940 2425 2015 2516 fal·

347 2577 464 2666 seriis
485 2566 727 2668 constituta,
753 2557 901 2666 sancit,
925 2588 980 2649 ne
1000 2566 1094 2682 quis
1118 2583 1288 2666 temere,
1321 2555 1366 2649 id
1398 2557 1469 2664 est,
1485 2559 1571 2651 stne
1594 2559 2014 2679 magillratus,penes

347 2731 480 2824 quem
504 2719 591 2790 erat
617 2711 834 2786 monetam
861 2690 1041 2784 cudendi
1068 2693 1266 2810 potestas,
1293 2685 1573 2801 eonceffione,
1599 2702 1800 2786 exomni
1828 2697 2016 2785 metallo·

223 2937 227 2952 ,
347 2865 449 2928 rurn
478 2857 651 2956 genere,
675 2829 800 2916 etiam
820 2821 1031 2934 viliil'rmo,
1065 2831 1210 2915 numis
1242 2846 1473 2915 mercetur:
1502 2827 1755 2920 concedatur
1773 2829 1899 2922 nobis
1913 2893 1927 2938 ,
1942 2857 2017 2919 ne-

254 3055 262 3071 .
334 2969 454 3070 ,celse
468 2969 544 3074 est,
566 2959 817 3085 plumbeos,
842 2955 1006 3078 publica
1030 2961 1151 3050 cusos
1175 2963 1439 3069 auctoritate,
1468 2963 1515 3049 in
1540 2989 1586 3050 re
1610 2967 1908 3055 Romanorum
1937 2991 2015 3082 pu·

347 3103 456 3194 bbca
475 3091 673 3222 epllitisse
728 3091 905 3198 Verum,
921 3091 1122 3181 nolumus
1137 3089 1308 3210 probae
1334 3117 1681 3186 oavnsrorrr
1705 3098 2013 3207 emendatione,

347 3259 551 3352 tanquam
569 3253 649 3346 pto
665 3229 747 3355 apis
769 3243 810 3312 et
826 3219 947 3328 focis,
964 3250 1244 3340 propugnare·
1276 3223 1519 3315 Concedere
1540 3225 1920 3344 possumus‚critica
1934 3258 2015 3350 ope

345 3367 462 3464 baud
478 3362 664 3479 indigere
677 3355 862 3446 tabulam
882 3355 1147 3448 Corneliam:
1176 3383 1255 3447 nec
1279 3379 1422 3449 tamen
1444 3359 1550 3448 lucri
1578 3368 1804 3482 quicquam
1828 3365 1926 3457 inde
1946 3395 2015 3460 ca.

298 3491 301 3496 “
345 3509 488 3619 pient,
515 3499 589 3612 qui
620 3489 783 3606 plumbi
803 3488 926 3578 usum
957 3485 1071 3610 apud
1092 3495 1277 3604 erites
1311 3511 1413 3582 eunt
1444 3487 1608 3586 infitias
1670 3501 1714 3589 Si
1733 3505 1847 3589 enirn
1868 3499 1948 3590 hnc
1968 3503 2016 3591 in

259 3733 266 3746 ⁴
348 3638 516 3724 civitate
529 3614 714 3744 plumbei
731 3621 991 3710 numismatis
1006 3623 1145 3713 nullus
1169 3622 1250 3714 fuit
1269 3627 1389 3718 usus:
1417 3648 1527 3717 certe
1550 3634 1682 3720 Corn.
1698 3635 1859 3753 Scipio,
1888 3635 2016 3726 dicta·

349 3787 431 3869 tor,
446 3781 575 3877 quem
592 3751 716 3843 buius
732 3753 837 3868 legb
854 3771 1068 3842 auctorem
1082 3773 1242 3872 putant,
1270 3753 1616 3872 supervacaneam
1635 3761 1810 3882 suscepit
1827 3793 2015 3884 operam,

348 3897 456 3989 dum
470 3914 565 3981 eam
591 3881 759 4004 figebat.
812 3882 1038 3975 Plumbeus
1060 3883 1250 4002 prolecto
1282 3889 1331 3978 lit
1350 3887 1556 4002 falsarius,
1587 3901 1661 4013 qui
1685 3924 1840 3990 numos
1862 3899 2017 3991 cudere

206 4067 210 4077 =
348 4028 452 4121 velit
482 4047 537 4110 err
562 4017 634 4112 illo
655 4013 846 4123 metallo,
870 4017 1031 4136 quoda
1058 4023 1316 4112 commercio
1348 4027 1470 4115 novit
1491 4023 1570 4118 eise
1600 4051 1829 4124 remonrm.
1897 4037 2068 4126 Dum,

285 4221 287 4226 ,
348 4170 490 4275 iraque
511 4179 544 4242 s.
557 4176 596 4239 e.
621 4173 728 4254 mre
749 4171 859 4259 opus
879 4147 959 4244 elle
991 4151 1283 4244 iudicaremur
1296 4218 1311 4265 ,
1325 4157 1535 4254 eiusmodi
1547 4161 1686 4251 tabula
1718 4165 2018 4265 adulteratores

253 4339 269 4370 ψ
354 4302 570 4384 coerceret
595 4303 725 4371 nemo
742 4277 921 4394 amplius
942 4281 1130 4376 dubitare
1151 4283 1326 4402 poterit,
1346 4295 1472 4405 quin,
1487 4293 1534 4378 in
1547 4291 1836 4389 llorentlffima
1856 4295 1934 4388 hac
1951 4327 2017 4390 re·

352 4421 537 4544 publiea,
571 4412 765 4504 homines
793 4417 971 4506 emerint
992 4409 1212 4508 necessaria
1252 4419 1460 4540 plumbeis
1500 4432 1664 4535 numis,
1702 4433 1750 4519 in
1782 4435 2017 4524 monetaria

352 4547 649 4672 officinasacra
671 4549 850 4674 lignem.
902 4551 1077 4662 Everso,
1094 4551 1180 4674 bac
1195 4561 1369 4666 ratione,
1385 4555 1716 4658 adversariorum
1740 4564 2018 4662 ltmdamento

1897 4709 2019 4800 prae·

324 4849 332 4858 ν
363 4873 528 4898 *-

350 4965 403 5072 (tl.
423 4984 648 5064 addemme
663 4983 801 5078 ‘mettim
816 4975 958 5078 Verrem,
974 4975 1170 5114 &eumq
1270 5003 1314 5060 ra
1333 4979 1449 5080 urim
1462 5007 1535 5083 par·
1552 5009 1609 5086 pp.
1625 4989 1698 5068 edit
1717 4987 1817 5084 sugo.
1830 4989 1866 5064 B.
1882 4993 1982 5085 ιθμ.1
