4504 6060
970 409 1366 595 waren

354 661 459 787 qui,
494 663 607 785 quo'd
633 663 872 762 audierant,
907 657 1051 746 lfidem
1088 679 1242 746 terram
1274 655 1500 760 denotare,
1523 681 1764 766 memores,
1792 667 1992 754 Cererem

349 829 553 920 ¹quoque,
581 827 632 887 ex
647 791 966 885 sacrificulorum
990 792 1159 880 suorum
1179 789 1361 905 placitis,
1387 787 1466 878 ell'e
1483 808 1636 878 terram
1653 791 1909 908 frugiferam,
1933 795 1997 910 saff

349 945 407 1026 tis
431 931 686 1024 confidenter
724 919 1025 1030 adfirmatum,
1068 923 1156 1012 hae'
1180 921 1278 1012 deas
1307 950 1441 1012 unum
1478 919 1557 1010 elle
1587 921 1779 1040 idemque
1809 945 1993 1026 numeni,

352 1072 478 1154 variis
493 1056 936 1156 tantumnominibus,
963 1085 986 1144 a
1011 1054 1179 1146 diversis
1206 1056 1387 1171 populis,
1413 1054 1673 1170 appellatum.
1728 1059 1854 1146 Sicuti
1879 1059 1994 1142 enim

347 1219 479 1309 opera
504 1192 673 1277 nonita
709 1183 865 1274 difficili
894 1187 1291 1293 demonstraremus,
1321 1193 1531 1290 Cererem,
1558 1192 1602 1272 in
1620 1192 1880 1278 Graecorum
1908 1191 1994 1274 Ro·

352 1347 661 1438 manorumque
683 1318 902 1432 theologia,
918 1347 1005 1408 non
1024 1321 1212 1410 tellurem
1235 1321 1481 1426 universam,
1498 1319 1564 1406 sed
1577 1321 1853 1411 solorSiciliae
1869 1316 2025 1435 agroel

353 1457 509 1547 lertiles
526 1448 787 1569 fignificalle3
816 1451 1255 1566 eam-disputationem
1281 1455 1311 1540 fi
1337 1472 1499 1568 caperet
1515 1449 1596 1536 loci
1607 1459 1903 1567 temporisque,
1913 1475 1998 1564 qut

351 1596 598 1716 premimur,
615 1583 819 1698 angustia:
838 1585 892 1670 fic
910 1591 1033 1673 etiarn
1048 1591 1162 1674 varia
1184 1591 1228 1672 in
1245 1605 1417 1701 promtu
1435 1585 1539 1686 sunt,
1555 1605 1673 1694 quae,
1688 1581 1894 1669 utlsrdem
1910 1584 2001 1666 eius

355 1745 521 1814 tantum
537 1742 682 1820 terrae,
703 1742 831 1832 quarn
848 1717 970 1804 Nilus
991 1718 1197 1820 lecundat,
1213 1701 1391 1833 Aegypti
1409 1741 1573 1827 nempe,
1592 1711 1875 1800 existimemus
1890 1711 2000 1818 sym-

354 1855 517 1956 bolum,
538 1849 727 1953 suadent,
762 1853 898 1934 immo
931 1870 1100 1963 cogunt.
1157 1849 1324 1953 lfidem,
1353 1851 1548 1936 sermone
1587 1847 1852 1960 Aegyptiace,
1872 1841 1999 1930 denoz·

353 1985 452 2077 tane
477 2005 644 2086 terram,
680 2007 732 2068 ex
775 2006 1073 2072 nnouoaro.
1094 1983 1214 2097 plane
1244 1980 1383 2095 paullo
1419 2000 1513 2066 ante
1548 1977 1798 2066 audivimus.
1851 1980 1998 2084 Qum

355 2147 459 2208 vero
483 2117 603 2232 prisci
628 2112 818 2202 homines
839 2135 993 2202 terram
1009 2121 1294 2202 nominarent:
1328 2113 1443 2226 saepe
1467 2135 1663 2215 numero,
1686 2140 1773 2200 non
1803 2108 1999 2222 intelliger

354 2252 455 2340 bant
479 2247 734 2349 univerlum,
757 2271 885 2361 quem
913 2247 1158 2352 incolimus,
1185 2267 1390 2334 terrarum
1421 2239 1591 2343 orbem3
1616 2241 1697 2348 sed,
1733 2241 1799 2332 vel
1823 2243 2003 2326 vanitate

355 2380 548 2481 adducti,
570 2377 636 2462 vel
661 2400 831 2492 propter
858 2386 1052 2494 exiguam
1078 2376 1355 2494 geographiae
1382 2377 1597 2476 notitiam,
1625 2399 1676 2459 eo
1700 2368 1906 2462 vocabulo
1931 2371 2003 2457 de.

355 2517 518 2634 lignano
545 2505 741 2594 volebant
754 2507 869 2622 globi
887 2512 1015 2598 nostri
1037 2512 1234 2598 terrestris
1261 2529 1420 2622 partem
1439 2511 1648 2617 exiguam,
1676 2531 1769 2591 eam
1797 2507 2004 2616 inprimis,

357 2668 465 2764 quae
478 2638 586 2757 ipsos
604 2660 804 2754 genuerat
820 2663 945 2759 atque
968 2645 1132 2732 aluerat.
1151 2649 1230 2744 Sic,
1245 2646 1290 2728 in
1307 2642 1401 2756 ipsu
1426 2641 1547 2728 sactis
1563 2641 1737 2752 paginis,
1767 2665 1862 2743 rue,
1880 2667 2003 2761 rnen,

355 2801 492 2890 quam
535 2769 858 2888 frequentilllme
895 2774 947 2863 de
983 2776 1066 2862 sola
1095 2774 1314 2861 Palaestina
1353 2771 1578 2858 adhibetur.
1649 2771 1806 2858 Eadem
1846 2777 2003 2864 ratione

359 2910 515 2996 Graeci
542 2906 622 3000 ric.
646 2904 767 3001 ydrae,
788 2905 892 3004 udan
918 2907 1132 2998 vocabulis
1160 2902 1383 3020 saepissime
1411 2903 1644 2994 indicarunt
1674 2913 1847 3022 patriam
1877 2908 2005 3015 suam,

341 3029 498 3126 ¹immo
522 3061 829 3152 nonnunquam
868 3035 991 3128 huius
1031 3044 1223 3162 regiones
1259 3035 1490 3148 admodum
1515 3041 1685 3148 exiguas
1699 3067 1712 3140 ;
1755 3040 1872 3126 sicuti
1901 3039 2005 3126 testi·

359 3172 538 3270 moniis,
583 3192 740 3280 magno
776 3193 955 3258 numero
989 3171 1224 3272 recensrtis,
1263 3167 1434 3282 planum
1473 3165 1571 3254 fecit
1606 3166 1743 3247 indeo
1775 3195 1880 3258 rou
1921 3195 2005 3260 00.

360 3321 552 3392 ruore.
589 3306 1150 3426 aeramentorum),
1175 3304 1294 3390 euius
1316 3297 1716 3411 compilare-scrinia
1736 3293 1830 3391 licet
1855 3305 2005 3388 merito

366 3425 715 3541 fitpersedeamus,
744 3457 832 3520 non
861 3431 1078 3548 pollumus
1098 3447 1253 3533 tamen,
1287 3434 1389 3544 quin
1411 3434 1599 3532 unicum,
1618 3431 1751 3514 aviro
1775 3429 2006 3525 litter-atilli«.-

363 3583 440 3646 mo
467 3555 760 3661 observatum,
787 3589 1096 3652 rnnooarrr
1136 3586 1397 3676 apponamus
1424 3557 1669 3648 versiculum
1688 3619 1701 3662 ,
1720 3577 1766 3646 et
1791 3584 2006 3677 propterea

363 3683 552 3812 quidem,
579 3689 780 3801 quoniam
797 3694 840 3776 in
856 3717 907 3784 eo
936 3693 1018 3804 ipsa
1035 3693 1250 3805 Aegyptus
1273 3691 1507 3802 fintpliciter
1538 3690 1588 3792 ui
1616 3707 1790 3794 vocatu·
1812 3694 1898 3797 (u):
1991 3764 1993 3772 ,

533 3817 687 3898 Ταῧ9’ὅ
710 3813 869 3922 πάρωρος
893 3824 990 3914 τῆνος
1023 3823 1079 3903 ἐπ’
1104 3821 1250 3922 ἔσχατα
1280 3823 1346 3918 γῆς
1371 3821 1478 3912 ἔλαβ’
1497 3823 1607 3903 inid.

529 3937 641 4057 Haec
654 3935 812 4028 demens
827 3943 900 4045 ille,
928 3947 1120 4050 (maritus
1131 3940 1269 4054 meus)
1294 3961 1473 4031 extrema
1486 3963 1622 4033 terrae
1630 3936 1788 4029 veniens
1797 3943 2013 4056 occupauit.

366 4067 482 4162 Nam
512 4063 660 4172 {axam
683 4067 749 4163 ylla
775 4063 967 4168 bucolico
990 4075 1082 4168 sunt
1107 4073 1210 4189 agri,
1234 4075 1278 4156 in
1309 4069 1551 4160 occidentali
1578 4071 1756 4184 Aegypti
1783 4065 1913 4156 limite
1935 4097 2010 4186 po·

367 4207 431 4299 firi
465 4221 588 4318 atque
618 4198 672 4286 ad
709 4197 834 4290 huius
870 4210 1054 4316 regionis
1079 4209 1345 4323 metropolim
1364 4227 1395 4312 ,‘
1414 4200 1729 4306 Alexandriam,
1752 4207 2012 4318 pertinentes.

369 4343 788 4464 scriptoresquoque
814 4335 917 4434 sacri
941 4337 1013 4429 suo
1043 4324 1154 4460 u'nen
1188 4330 1877 4452 strietiorem-illumlignificanrm
1899 4361 2012 4422 non·

1727 4514 1731 4524 .
1907 4483 2014 4548 mm.

373 4787 414 4880 (A)
436 4787 700 4884 Observationum
720 4790 991 4888 philologicarum
1025 4793 1106 4884 Part.
1138 4797 1178 4870 ll.
1222 4801 1271 4886 (u)
1292 4797 1404 4884 irrues·
1418 4797 1489 4870 XV.
1504 4810 1578 4880 ιε,
1620 4830 1622 4840 ·
1708 4859 1716 4872 .

436 4913 511 4990 με·
529 4897 581 4980 ⁶8.
597 4895 663 4987 seu·
678 4895 804 4988 erran
823 4897 1142 5014 vffluaapaon·
1236 5003 1246 5016 ,
