4504 6060
886 502 970 602 'd
1016 505 1039 598 l
1085 513 1158 602 ¹³3'
1185 507 1236 598 <²
1252 503 1301 604 ἅ

259 661 379 758 euius
402 661 659 783 ‘depingendi
691 659 887 778 effigiem,
919 649 1099 755 reddunt
1131 661 1408 754 manifestum.
1463 661 1546 752 Er
1565 663 1717 756 borum
1748 671 1898 784 genere

260 800 316 886 est
345 825 469 902 urna,
500 796 661 911 copiose
687 822 837 910 aquam
868 817 1059 902 vomens,
1095 801 1163 884 cui
1199 793 1347 910 figura,
1373 795 1539 883 barbata
1563 818 1604 885 et
1634 794 1901 892 decumbens,

257 935 413 1022 linistra
433 936 621 1018 innititur
629 955 643 1030 ς
669 927 1006 1042 quandoquidem
1029 925 1131 1017 haec
1157 949 1402 1044 perpetuum
1430 924 1561 1014 ferme
1586 927 1840 1032 fluviorum,
1854 927 1900 1006 in

241 1065 436 1179 antiquis
461 1063 842 1167 monumentisest
867 1063 1092 1176 gestamen.
1148 1065 1354 1168 Qamvis
1380 1065 1492 1146 enim
1518 1081 1790 1148 veteres‘mm
1811 1077 1910 1167 uno,

255 1196 415 1306 semper
448 1186 603 1292 habitu,
645 1187 712 1276 sed
738 1192 869 1279 modo
911 1193 1043 1296 senis,
1068 1189 1201 1278 modo
1232 1191 1436 1294 mulieris,
1483 1196 1620 1277 immo
1659 1194 1783 1278 etiam
1813 1183 1900 1270 lor·

253 1327 362 1416 moli
393 1329 511 1438 pueri
543 1317 680 1407 forma
706 1321 1000 1438 descripserunt
1020 1321 1209 1423 fluvios3
1258 1320 1512 1436 eosdemque
1549 1347 1665 1407 nunc
1686 1333 1900 1422 comutos,

255 1482 372 1546 nunc
392 1479 496 1541 vero
528 1477 684 1538 corona
709 1451 925 1540 redimitos
947 1453 1172 1540 arundinea
1199 1453 1551 1566 repraesentarunt
1579 1451 1671 1564 (q):
1701 1443 1900 1534 rariss'rme

254 1615 396 1679 tamen
410 1586 488 1671 illis
504 1583 673 1670 urnulas
686 1583 835 1671 addere
851 1585 1099 1684 omiserunt3
1118 1583 1184 1687 stc,
1196 1603 1244 1668 ut
1259 1587 1302 1669 in
1321 1581 1653 1684 numismatibus,
1666 1577 1896 1664 fluminum

256 1712 583 1835 praeferentibus
613 1719 838 1827 imagines,
868 1740 1052 1834 quorum
1077 1703 1164 1799 nun
1190 1738 1347 1827 paucos
1363 1713 1528 1826 collegit
1571 1734 1659 1796 rori.
1687 1723 1901 1793 varmun-

255 1877 350 1942 τινε
376 1850 472 1960 (r),
498 1849 574 1929 vix
596 1870 730 1928 unum
761 1851 1017 1959 reperiamus
1040 1844 1281 1946 alterumve,
1298 1849 1342 1930 in
1360 1870 1447 1960 quo
1479 1839 1578 1928 illud
1603 1853 1900 1961 ornamentum

253 1978 512 2068 defideratur.
568 1975 761 2077 Oceanus
779 1997 924 2066 contra
949 2002 1157 2091 nusquam
1183 2004 1289 2064 urna
1315 1995 1529 2091 comparet
1555 1974 1798 2072 instructus,
1833 1957 1902 2052 sed

245 2107 409 2196 -srnistra
423 2107 492 2190 sua
507 2103 749 2216 incumbere
765 2107 863 2192 solet
881 2109 1069 2194 monstro
1078 2112 1261 2208 marino;
1284 2104 1642 2220 quemadmodum
1653 2102 1846 2192 videmus
1855 2095 1901 2176 in

255 2232 588 2334 cruentantem,
613 2235 788 2336 Romae,
802 2233 858 2322 ad
879 2236 1127 2350 Campiliani
1141 2262 1300 2340 arcum,
1315 2258 1498 2351 reperto,
1524 2237 1640 2352 quod
1659 2235 1744 2348 ipse
1763 2227 1900 2318 laudat

243 2391 459 2460 ‚arants
469 2367 674 2451 Provocat
692 2363 863 2480 quidem
872 2366 1203 2458 virdoctiffimus
1230 2369 1285 2458 ad·
1298 2395 1578 2470 euvstmuu,
1598 2367 1809 2454 testantem
1824 2367 1902 2472 (sl,

254 2497 443 2592 Nemesis
465 2493 740 2582 Rhamnufiae
757 2495 931 2586 statuam
958 2497 1101 2588 dextra
1131 2498 1311 2616 phialam
1338 2498 1520 2604 tenuisse,
1550 2504 1705 2616 inqua
1732 2493 1900 2586 Aethio·

253 2659 332 2754 pes
343 2628 502 2730 caelati,
521 2623 575 2712 ad
592 2622 907 2738 significandum
933 2634 1168 2737 Oceanum,
1181 2659 1307 2749 quem
1335 2659 1446 2746 gens.
1461 2630 1533 2718 ista
1559 2630 1737 2733 accolat3
1775 2650 1900 2744 atque

252 2772 309 2856 ita
341 2761 496 2870 liquere
528 2755 770 2860 arbitratur,
796 2765 904 2846 inter
936 2767 1091 2850 Oceani
1117 2787 1287 2878 quoque
1306 2766 1481 2878 inlignria
1511 2768 1706 2878 antiquos
1747 2787 1901 2848 urnam

253 2883 504 2984 recensuilie.
558 2880 741 2985 Verum,
766 2880 864 2970 binc
898 2887 1036 2974 nostra
1072 2892 1368 3000 potiusquam
1397 2893 1623 3000 Begeriana
1647 2888 1799 2976 cimelii
1814 2883 1901 2972 bu·

253 3034 319 3114 rus
342 3014 559 3129 explicatio
583 3006 898 3102 firmamentum
937 3020 1099 3130 accipit.
1132 3018 1298 3124 Nam,
1331 3016 1572 3132 diligentem
1606 3016 1732 3123 „illum
1769 3019 1901 3102 Grae·

255 3164 342 3247 ciac
363 3147 543 3239 vetustae
585 3141 875 3260 geograpbum
899 3142 1223 3265 haudquaquam
1245 3148 1471 3263 intelligere
1511 3151 1742 3257 Oceanum,
1770 3173 1899 3264 quem

251 3305 506 3382 cerneus
545 3283 617 3384 (t)
646 3299 789 3385 vocat,
1179 3289 1180 3292 ‘

799 3411 928 3512 ssuce'p'
954 3409 1112 3513 ἄφθιτον
1140 3417 1211 3493 οἰιέν
1242 3411 1356 3498 e'o'tt'm

248 3625 254 3641 .
415 3514 622 3634 'nuatum
647 3552 689 3603 re
704 3523 790 3606 bedu
814 3530 937 3624 queen
954 3533 1126 3621 redeunda
1140 3531 1380 3638 r'rt'udpduuta

361 3717 369 3731 ,
420 3635 489 3738 Ὃς
514 3640 737 3747 neptuuptu'uu
763 3651 866 3744 uulua
894 3650 1115 3754 neptrdpuouu
1140 3650 1270 3730 κύκλον.
1310 3683 1315 3693 “

266 3767 270 3775 ’
798 3768 960 3854 Patrem
981 3771 1263 3886 incorruptum,
1281 3755 1441 3886 semper
1465 3755 1704 3878 existentem,
1769 3853 1771 3856 ,

272 3998 276 4018 ‚
316 3987 352 3995 ,,
400 3893 778 4017 immortaliumque
801 3891 969 3988 deorum⁴
978 3921 1117 4016 genus,
1151 3891 1448 4014 mortaliumque
1475 3885 1701 4004 hominum,
1893 3894 1898 3906 ⁴

163 4087 166 4092 ·
251 4125 255 4140 ,
359 4026 376 4106 '-
423 4033 509 4156 ,Qui
531 4023 763 4152 circumfluit
785 4053 919 4122 terrae
943 4038 1052 4123 circu
1071 4033 1342 4124 extremitates
1365 4022 1581 4138 circulumt
1685 4075 1689 4082 ·

1063 4153 1102 4246 R
1136 4185 1156 4264 3
1829 4159 1898 4250 sed

252 4494 307 4574 (q)
324 4485 398 4555 vul
416 4497 617 4558 rarenter..
645 4499 866 4556 rennuente
886 4487 933 4558 ad
945 4485 1046 4556 Andr.
1091 4489 1136 4576 (r)
1158 4477 1243 4557 Vide
1269 4486 1336 4554 eius
1363 4479 1570 4581 Numismuta
1589 4489 1688 4580 intpp.
1718 4487 1895 4580 apopulit,

263 4681 278 4696 ,-
310 4593 505 4691 ΙΜονιὶἱίιυκ
517 4601 567 4688 epi
593 4595 660 4664 .1t.
674 4594 715 4665 de
733 4599 842 4665 uumir
863 4593 1054 4684 quibusdam
1162 4593 1281 4667 Graece
1297 4597 1510 4688 loquentibus,
1519 4592 1676 4687 percufflt,
1689 4619 1761 4688 pag.
1770 4595 1892 4694 aqasq.

322 4696 507 4772 rarioribus
532 4715 547 4770 t
569 4699 677 4788 efiturt'
691 4705 850 4794 quondam
871 4701 1055 4776 Schwartz·
1099 4703 1141 4788 (s)
1158 4699 1195 4771 ln
1210 4705 1343 4782 Atticis,
1355 4699 1437 4792 Cap.
1455 4697 1602 4772 XXXlll.
1625 4723 1697 4794 pag.
1712 4717 1755 4786 8¹.

319 4808 459 4904 burgred,
478 4803 816 4902 inuenturum,
833 4803 861 4906 5.
877 4823 921 4890 tu,
977 4825 980 4835 ·
1097 4819 1135 4892 (tl
1155 4800 1840 4906 lnHymnit,p'ag.'178.'e1dit.Escbenbacb
