4504 6060
890 501 953 602 st
990 505 1012 600 >
1056 517 1115 601 1²³
1173 503 1193 602 (
1240 498 1289 598 iit

265 664 382 760 lieuti
405 661 560 756 dudum
588 665 712 751 evicit
740 686 933 752 onnvo.
969 689 1230 752 uronsrvs
1262 657 1343 773 (g).
1429 657 1546 767 Qae
1569 671 1703 768 quum
1725 653 1782 737 ita
1804 643 1902 760 lint:

266 828 355 890 non
379 801 464 888 fine
494 800 612 884 omni
637 790 913 881 fundamento
945 792 1152 882 summam
1180 794 1463 906 antiquitatem
1499 782 1718 872 tribuimus
1745 775 1903 875 scholae

248 929 528 1032 uanobirae,
572 949 697 1042 quam
724 925 888 1039 insuper
917 927 1045 1011 totius
1067 926 1246 1038 Aegypti
1272 915 1580 1008 celeberrimam
1608 912 1752 1016 suilse,
1794 901 1905 996 rede

266 1063 465 1180 quidem,
498 1056 562 1144 sed
584 1059 667 1142 fine
690 1053 774 1140 ullo
801 1053 952 1140 idoneo
975 1055 1087 1159 teste,
1111 1053 1293 1146 affirmat
1329 1075 1504 1140 aranu.
1546 1063 1787 1134 nrncnnnvs
1813 1033 1907 1149 (h).

264 1199 394 1296 Nam,
410 1185 520 1303 apud
546 1211 832 1286 unumunurn,
858 1181 1197 1289 Alexandrinum,
1220 1207 1346 1300 quem
1363 1183 1591 1266 memoriae
1606 1165 1823 1290 prodidisse
1841 1171 1911 1267 alt,

265 1318 521 1414 Canobicam
538 1315 804 1404 Academiam
810 1311 1093 1432 fontemfitfft
1116 1335 1154 1404 et
1171 1299 1489 1432 originamonmis
1500 1296 1908 1422 'theologiaeAgyptio

265 1483 358 1550 caer
383 1451 516 1540 ductat
535 1438 590 1534 ibi
606 1449 677 1564 effe
693 1444 1006 1562 litterasfircras,
1035 1463 1133 1560 quar
1154 1441 1396 1549 ἱερογλυφικοὶς
1414 1459 1579 1531 uocautr
1595 1433 1818 1554 strcrrdotes
1832 1424 1908 1514 ini·

265 1587 405 1680 tiaram
430 1575 610 1689 mysteria
613 1582 735 1694 sacra
753 1577 853 1663 nullo
869 1573 949 1662 loco
963 1577 1186 1664 accuratius
1193 1575 1359 1679 tradita,
1368 1599 1416 1658 rc
1427 1571 1593 1688 proinde
1612 1565 1774 1655 abomni
1790 1556 1909 1645 homi·

265 1739 358 1800 turm
367 1735 526 1828 genere,
550 1707 763 1792 monimen
790 1705 966 1810 Graecis,
977 1701 1309 1826 frequentatam:
1350 1701 1454 1789 adeo
1481 1701 1610 1788 altum
1627 1697 1690 1786 bis
1713 1695 1763 1782 de
1785 1687 1910 1776 rebor
2041 1677 2044 1688 ’

263 1845 416 1931 scimur
441 1839 519 1925 elle
544 1829 760 1939 filentium,
780 1835 873 1924 loto
893 1827 1151 1950 praesertim,
1180 1865 1205 1923 a
1242 1855 1517 1924 ntuonnuo
1549 1828 1750 1932 indicato,
1784 1844 1830 1908 ut
1857 1843 1911 1906 ne

263 1977 390 2058 unico
401 1965 570 2085 quidem
587 1961 759 2084 verbulo
788 1965 1091 2052 Canobitarum
1120 1965 1241 2053 faciat
1265 1968 1538 2068 mentionem,
1562 1985 1653 2062 nec,
1665 1975 1825 2075 praeter
1848 1949 1909 2037 lu·

265 2100 472 2186 culentam
483 2092 1034 2210 philosophiaeAegyptiacae
1053 2097 1367 2212 descriptionem
1385 2079 1454 2206 (i),
1464 2100 1686 2210 quicquam
1706 2085 1757 2174 de
1772 2111 1815 2171 re
1832 2081 1909 2168 hu·

263 2226 329 2320 ius
354 2231 490 2348 gentis
523 2225 752 2314 scholastica
785 2219 945 2320 referat.
972 2233 1113 2338 Qam
1146 2250 1285 2316 autem
1311 2227 1441 2345 buius
1457 2223 1677 2340 Gymnasti
1702 2203 1909 2350 celebrita·

265 2388 352 2452 tem
390 2387 489 2448 nere
523 2358 691 2476 quidem
717 2363 915 2462 coniecit,
941 2355 1049 2446 haud
1075 2387 1176 2446 vero
1200 2355 1393 2475 probavit
1428 2340 1766 2448 ntncuunvr:
1816 2353 1911 2432 dam

263 2521 352 2580 non
368 2488 537 2578 obscure
555 2489 648 2574 litet
674 2488 869 2599 colligere
894 2513 944 2574 ex
966 2488 1149 2603 quodam
1166 2489 1367 2578 Hadriani
1387 2495 1488 2604 lmp.
1509 2486 1633 2590 fabio,
1663 2487 1782 2570 cuius
1809 2503 1909 2565 con·

264 2624 469 2710 servatam
512 2621 762 2704 memoriam
790 2643 886 2704 nur.
916 2645 1167 2708 srnnrrnno
1194 2623 1266 2735 (k)
1291 2621 1511 2709 referimus
1531 2637 1754 2731 acceptam.
1783 2614 1913 2718 Nam,

266 2759 399 2866 quum
428 2747 493 2832 ille
515 2753 752 2860 imperator,
776 2749 916 2832 villam
939 2749 1207 2865 Tiburtinam
1233 2759 1337 2841 mire
1354 2774 1649 2853 exornaturus,
1664 2755 1707 2832 in
1725 2771 1771 2832 ea
1797 2743 1911 2828 loco·

265 2907 363 2967 rum
389 2868 755 2966 celeberrimorum
773 2880 944 2961 nomina
960 2877 1312 2995 inscripstt3atque
1332 2882 1564 2968 aedificium
1584 2877 1692 2965 alind
1707 2882 1912 2984 Lyceum,

267 3007 378 3098 aliud
404 3002 693 3107 Academiam,
727 3001 837 3088 aliud
872 3004 1081 3116 Poecilen,
1108 3005 1218 3093 aliud
1247 3011 1464 3124 Tempen,
1492 3007 1600 3100 aliud
1628 3007 1805 3122 denique
1830 3007 1909 3088 Ca·

255 3137 432 3227 nobum
467 3140 665 3222 vocavit:
700 3129 781 3218 hoc
813 3135 897 3245 ipso
928 3133 1109 3224 indicare
1131 3137 1301 3226 voluilie
1327 3139 1512 3245 videtur,
1549 3137 1819 3254 posteriorem
1853 3133 1909 3216 ci·

265 3285 436 3364 vitatam
460 3269 647 3386 diligenti
669 3266 971 3380 disciplinarum
995 3268 1154 3355 cultura
1182 3293 1311 3382 aeque
1336 3289 1533 3384 magnam
1560 3265 1632 3352 tibi
1656 3255 1908 3380 acquisrviffe

265 3401 550 3502 nobilitatem,
583 3425 632 3484 ac
658 3393 813 3506 reliqua
837 3393 946 3500 loca,
970 3403 1141 3510 partim,
1170 3418 1339 3511 propter
1358 3399 1622 3484 summorum
1650 3388 1911 3508 pbilosopho-

265 3559 394 3634 rum,
432 3529 572 3641 quiin
596 3525 675 3611 illis
697 3521 946 3628 docuerunt,
985 3525 1274 3631 eruditionem,
1294 3549 1385 3616 toto
1407 3525 1508 3614 orbe
1539 3534 1708 3642 antiquo
1738 3528 1913 3610 nomine

266 3683 385 3755 erant
400 3659 578 3756 summo,
606 3659 755 3770 partim
772 3681 875 3741 vero
897 3657 1023 3742 Musts
1042 3659 1254 3772 poitisque
1271 3656 1509 3772 gratiffima.
1525 3662 1713 3774 Denique
1731 3655 1913 3770 suspere·

233 3807 236 3816 “
264 3817 366 3887 runt
389 3793 512 3879 etiam
527 3809 686 3877 veteres
710 3781 851 3900 templi
867 3786 1067 3875 Canobici
1085 3789 1307 3876 structurae
1333 3787 1708 3903 magnificentiam
1735 3815 1816 3904 qua
1840 3812 1912 3871 ve·

267 3953 318 4012 ro
337 3921 491 4031 reliqua
520 3924 823 4032 Aegyptiorum
855 3916 1022 4006 delubra
1047 3921 1176 4035 ipsum
1207 3917 1445 4033 aequabant.
1475 3924 1681 4028 Qamvis
1705 3925 1817 4005 enim
1843 3915 1911 4006 hic

264 4057 464 4177 populus,
491 4051 592 4140 deos
619 4051 713 4138 suos
736 4047 912 4168 fingeret
936 4051 1070 4166 figura
1098 4052 1327 4139 admodum
1353 4051 1547 4140 ridiculos
1562 4113 1577 4156 ,
1611 4058 1750 4140 immo
1774 4053 1908 4140 desor-

260 4577 311 4660 ις)
332 4565 381 4638 Dr
395 4565 636 4660 numopattthto
648 4565 819 4640 Hadriani
831 4565 1055 4660 lnrpcapdll.
1101 4571 1139 4654 (i)
1167 4562 1251 4744 illido
1269 4575 1470 4644 Seronatum
1489 4575 1542 4646 llbt
1567 4577 1623 4646 vt.
1642 4597 1716 4670 pag.
1738 4590 1808 4666 757.
1834 4577 1909 4650 edit,

330 4691 403 4758 pag.
417 4689 462 4751 23.
1190 4677 1244 4746 oln
1262 4679 1392 4748 l‘otteri.

262 4776 317 4866 (h)
339 4773 453 4866 Oedipi
463 4777 653 4870 Aegyptiaci
666 4771 770 4853 Tonn
786 4781 807 4854 l.
832 4781 990 4872 syntagm.
1006 4783 1060 4852 lll,
1105 4772 1152 4872 (lt)
1175 4785 1212 4851 ln
1230 4783 1311 4854 Vita
1325 4785 1421 4858 huius
1441 4794 1667 4882 imperatoris,
1686 4791 1765 4884 Cap.
1786 4789 1905 4866 xxvi.

327 4905 396 4973 cap.
412 4903 442 4970 7.
467 4905 537 4976 pag.
552 4895 643 4968 203.Δ
1175 4914 1246 4982 pag.
1264 4913 1325 4986 τις.
1342 4894 1385 4986 sq.
