4504 6060
991 491 1047 596 ³*
1084 495 1113 592 i
1155 513 1223 578 ω
1263 491 1305 593 ἴ(
1336 489 1398 594 ’δ’
1630 463 1666 522 ”’

369 667 533 800 b'nsqnc
561 665 826 774 circumiuii's
861 682 917 768 iti
939 675 1039 770 hinc
1074 705 1241 768 novum
1274 680 1465 800 opinioni
1497 661 1659 806 nostrae
1688 659 2010 772 'firmamentum

371 815 539 907 accedit.
594 819 787 928 Aegyptii
812 815 950 918 enim,
966 817 1039 929 qui
1055 813 1140 928 ipfi,
1159 837 1234 928 per
1248 819 1380 902 vitam
1397 821 1785 931 omnem,'excepto
1809 815 1878 902 illo
1907 836 2010 900 tem·

371 971 474 1064 pore
507 950 595 1052 (o),
620 968 707 1058 quo
732 943 801 1032 vri
823 942 1003 1033 inluctu
1027 964 1172 1050 erant,
1211 942 1280 1032 vei
1305 964 1420 1031 extra
1448 963 1603 1029 terram
1630 947 1802 1057 patriam
1833 939 2012 1061 peregri·

369 1076 574 1164 nabantur
586 1077 667 1191 (p),
695 1077 864 1192 capillos
874 1075 1170 1194 praecidendos
1192 1073 1512 1164 committebant
1524 1076 1769 1183 tonsoribus,
1779 1079 1913 1166 nescio
1931 1073 2013 1192 qu'a

367 1215 548 1322 permoti
569 1216 741 1314 ratione,
754 1209 900 1299 iidem
924 1232 970 1297 ut
995 1211 1224 1326 plurimum
1254 1205 1467 1296 finxerunt
1486 1209 1684 1325 promiffo
1716 1211 1873 1325 capillo,
1894 1208 2011 1299 fabu'·

366 1343 517 1458 latique
533 1343 646 1447 sont,
661 1343 759 1430 teste
784 1370 1043 1433 ruvrnncno
1070 1351 1156 1459 (q),
1183 1341 1290 1432 hanc
1309 1343 1442 1447 deam,
1464 1365 1632 1457 propter
1646 1343 1814 1431 Osiridis
1834 1343 2012 1451 obitum,

359 1473 590 1564 'diffecuiffe
618 1477 786 1563 suorum
812 1476 1148 1592 cincinnuiorum
1163 1501 1311 1580 unum,
1330 1501 1455 1593 quem
1475 1474 1513 1559 se
1529 1472 1739 1586 poffidere,
1757 1497 1805 1562 ut
1828 1465 2013 1566 uvern-

360 1631 472 1698 uvs
499 1611 565 1726 (r)
589 1609 731 1715 reiert,
748 1609 1000 1720 Memphitae
1017 1607 1312 1724 gloriabantur.
1371 1611 1438 1696 Eo
1461 1606 1602 1695 habitu
1622 1606 1766 1692 iisdem
1782 1609 1902 1695 nobis
1919 1588 2014 1696 sistit

367 1769 575 1832 nrvnorvs
599 1744 689 1850 (siz
722 1742 861 1829 Crines
888 1739 1078 1831 uberrimi
1095 1738 1319 1860 prolixique
1355 1761 1396 1829 et
1423 1733 1552 1853 (enfim
1582 1740 1743 1842 intorti,
1767 1761 1844 1855 per
1875 1734 2014 1828 diuino

366 1875 458 1962 colle
470 1873 603 1994 pefflm
618 1869 798 1988 disperfi,
823 1873 988 1963 moiiter
1011 1870 1242 1992 defluebant.
1296 1870 1416 1996 idem
1444 1873 1587 1986 capitis
1617 1889 1905 1982 tegumentum
1926 1877 2013 1960 ani·

362 1999 781 2090 madvertimoscum
805 2005 849 2088 in
865 2001 953 2088 aliis
979 2009 1372 2101 monumentorum
1387 2007 1431 2088 in
1442 1999 1617 2088 coloisea
1634 2001 1746 2089 Isidis
1761 2001 2011 2122 statua,apud

365 2152 651 2254 memoratum
680 2157 1087 2222 nourrnvconrvn
1112 2139 1197 2248 (t),
1227 2140 1299 2251 qui
1325 2131 1425 2221 iliud
1454 2138 1510 2220 ita
1533 2127 1751 2222 describit:
1784 2137 1925 2254 ingens
1945 2143 2010 2232 ille

343 2273 604 2384 summiquee
620 2264 800 2354 humeros
822 2267 968 2382 operit,
994 2265 1211 2384 exprimis
1235 2286 1274 2355 et
1292 2293 1346 2350 ex
1376 2257 1485 2379 [fidis
1508 2265 1656 2378 cupillis
1677 2272 1909 2360 concinnum
1936 2271 2011 2389 est,

362 2397 431 2489 vei
439 2395 614 2508 forfitm
637 2426 689 2486 ex
696 2396 856 2512 plumis,
875 2403 918 2522 in
934 2415 1101 2514 quatuor
1118 2398 1276 2486 ordines
1291 2399 1475 2484 concinne
1493 2391 1705 2510 digestio·-
1728 2393 1867 2508 infimo
1881 2414 2012 2496 cumae

359 2545 527 2656 perseus
540 2532 754 2652 cincinnis,
773 2533 955 2650 undique,
969 2531 1082 2648 iunge
1095 2533 1219 2652 serie,
1236 2532 1414 2621 humerus
1435 2529 1767 2620 circumdantibus
1784 2558 1826 2624 et
1842 2537 2008 2631 celemi-

351 2665 510 2782 ssrotis,
530 2665 762 2786 appurutur,
789 2663 912 2779 spurio
937 2666 1313 2782 perquem-minimo
1333 2663 1390 2754 ad
1410 2683 1546 2779 peetus
1570 2689 1695 2751 vacuo
1720 2667 1869 2758 relicto.
1923 2674 2009 2764 Nc'·

364 2827 446 2916 que
469 2805 593 2890 etiam
623 2794 852 2913 amphora,
880 2820 932 2884 ex
959 2803 1078 2885 cuius
1098 2793 1265 2912 orificio
1287 2799 1424 2911 'caput
1459 2798 1710 2912 prospectat,
1742 2806 2010 2919 impedimur,

363 2935 603 3050 quominus,
620 2927 728 3016 hanc
745 2923 856 3013 indis
871 2922 951 3012 effe
961 2929 1205 3043 imaginem,
1216 2929 1467 3049 censeamus.
1482 2930 1607 3016 Hanc
1621 2927 1789 3044 quidem
1798 2933 2009 3056 dumpro.

359 3069 604 3152 nuntiamus
618 3061 881 3174 seutentiam,
909 3062 1089 3146 nitimur
1113 3081 1259 3149 contra
1287 3065 1619 3177 antiquariorum
1651 3057 1785 3151 ferme
1813 3076 2009 3163 omnium

358 3197 521 3314 piacita,
544 3191 702 3312 quibus
715 3191 844 3283 veluti
870 3193 1104 3299 sanxerunt,
1128 3193 1632 3318 amphoraiesnuminum
1653 3199 2007 3316 Aegyptiacorum

359 3331 531 3448 figuras,
555 3347 764 3445 quotquot
779 3347 957 3414 aetatem
967 3313 1162 3433 tulerunt,
1189 3325 1291 3414 nihil
1307 3327 1519 3442 aliud,niii
1536 3328 1767 3418 Canobum
1776 3331 2008 3452 repracsen-

357 3489 459 3554 tare.
513 3463 570 3551 At
585 3482 702 3563 vero,
717 3486 792 3547 cur
807 3453 832 3545 a
846 3467 1064 3548 communi
1075 3458 1335 3547 eruditorum
1354 3459 1543 3549 doctrina
1571 3459 1873 3574 dissentiamus,
1896 3479 2008 3566 caui·-

356 3597 424 3683 sas
443 3587 594 3679 habere
612 3649 630 3700 ,ι
646 3577 930 3693 arbitramur,
960 3589 1089 3676 nos'fi
1113 3589 1214 3705 quid
1233 3589 1464 3678 iudicamus
1486 3611 1621 3694 recte,
1642 3619 1730 3682 non
1756 3601 1921 3713 prorsus
1939 3603 2007 3694 in·

356 3721 495 3812 iustas.
548 3718 791 3807 Generatim
815 3724 953 3806 notari
967 3717 1095 3806 velim
1117 3722 1420 3835 Aegyptiorum
1441 3748 1622 3852 morem,
1638 3723 1857 3844 secundum
1874 3763 2004 3850 quem

350 3855 536 3946 deorum
562 3847 714 3939 statuas
744 3877 794 3940 ca
828 3843 1044 3965 fingebant
1077 3847 1267 3959 ratione,
1309 3868 1356 3940 ut
1380 3852 1562 3970 pedibus
1607 3851 1732 3946 css'ent
1767 3861 2004 3958 'coarctatio

1883 4017 2008 4135 m

360 4209 2003 4246 —n-——m-—u—Q-—ss-n——ffl

357 4371 409 4462 (ο)
430 4369 506 4440 vid,
529 4385 760 4438 unxonor
773 4387 828 4439 vr
849 4369 886 4440 in
904 4369 1161 4463 nemnem
1202 4371 1248 4459 (r)
1267 4369 1323 4441 Aa
1344 4367 1561 4441 inductum'et
1577 4371 1696 4443 multer
1717 4372 1820 4444 iibens
1834 4399 2000 4470 men,

426 4478 578 4552 XXXVI.
676 4557 696 4562 Η
1122 4557 1126 4564 ,
1179 4561 1184 4566 ,
1266 4479 1710 4572 Τοηι.11.03>ρ.3>33,,386.
1811 4565 1817 4574 ·

358 4583 409 4676 (p)
427 4585 506 4665 ,vici
540 4558 805 4657 annnorum
837 4555 1158 4676 Commentarius&
1200 4591 1242 4678 (a)
1273 4587 1523 4681 Metamorpbol.
1546 4587 1600 4657 lib.
1620 4588 1677 4658 Xi.
1695 4609 1726 4676 p.
1741 4611 1782 4692 [ιιΙ
1800 4565 1871 4680 636.
1970 4567 1981 4578 ’
2036 4565 2071 4660 ,“

370 4783 375 4793 .
423 4713 523 4773 ruma,
537 4693 617 4784 Cap.
633 4693 690 4762 iii.
704 4713 735 4780 p.
750 4715 797 4762 m.
819 4697 893 4782 34⁶·
1196 4699 1237 4784 (t)
1264 4693 1468 4786 Supplemenc
1483 4718 1526 4766 uu
1541 4695 1627 4765 liure
1640 4693 1680 4765 de
1694 4679 1993 4790 iamiquiteenpii·

347 4803 409 4893 'iifl
430 4799 482 4875 De
496 4799 576 4891 orde
594 4819 629 4876 et
642 4797 776 4890 ostride.
795 4823 870 4895 pag.
883 4801 951 4898 356.
965 4807 1009 4876 i).
1272 4801 1696 4898 qnee,Tom.1ipag.13a.
1735 4817 1741 4832 ·
