4500 6058
929 484 980 590 R
1027 481 1051 586 i
1100 501 1144 584 ro
1197 491 1219 582 (
1266 485 1316 586 ii

298 675 355 764 ta,
378 649 478 746 iacit
500 627 782 746 maniielium'.
837 629 1020 742 Subinde
1044 671 1147 740 vero
1171 639 1272 740 illud
1303 639 1513 737 numisma
1535 625 1812 735 monumenti
1833 639 1960 762 sepul·

155 845 158 852 ,
297 789 419 882 erclis
454 796 623 908 parieti,
657 815 740 906 ope
768 777 941 909 glutinis
975 780 1217 891 cuiusdam,
1242 768 1503 898 affigebamr.
1559 785 1788 887 innotuere,
1811 769 1960 905 'inquit

295 949 443 1015 ravi.
470 921 749 1015 turstenus
784 917 866 1027 (h),
893 925 1002 1012 inter
1015 915 1345 1040 perscrrttndam
1368 917 1655 1009 coeremitas
1673 914 1856 1027 romulos,
1889 912 1961 1007 arr*

295 1054 588 1180 riqoaipfonm
611 1056 899 1176 Imperatorum
926 1053 1172 1176 numismata,
1199 1056 1358 1173 quaein
1397 1053 1590 1143 exteriori
1611 1052 1812 1144 interdum
1832 1049 1962 1174 sepas·

293 1219 454 1284 crorum
492 1193 664 1302 ambita,
698 1192 903 1282 interiecto
929 1189 1050 1282 calcis
1070 1189 1234 1308 glotino,
1268 1187 1374 1308 affigi
1402 1190 1681 1309 construerent
1749 1195 1962 1282 Nonnun-

293 1355 424 1446 quam
457 1333 505 1418 in
533 1329 621 1447 ipso
645 1325 812 1448 capulo,
845 1323 900 1416 ad
928 1327 1035 1416 latus
1083 1327 1318 1434 cadaveris,
1349 1325 1650 1440 collocabatur3
1704 1353 1832 1447 quem
1865 1347 1961 1414 mo·

292 1492 386 1557 tem
408 1486 506 1564 ,tam
521 1465 727 1553 Antonini
744 1459 977 1552 Caracallae
1001 1462 1223 1572 numnius,
1256 1467 1366 1550 intra
1380 1463 1386 1482 '
1402 1489 1542 1552 arcam
1567 1464 1854 1580 sepulcralem,
1886 1460 1962 1546 Vi·

292 1626 426 1703 ennae
448 1599 664 1706 Austriae,
713 1602 883 1686 ineunte
913 1594 1059 1687 saeculi
1096 1597 1317 1716 superioris
1348 1624 1460 1686 anno
1487 1599 1737 1716 sexagesimo
1766 1595 1963 1703 secundo,

292 1757 494 1854 repertus,
519 1754 644 1850 atque
667 1761 694 1823 a
720 1756 866 1824 reru,
893 1759 1179 1844 remunero
1206 1742 1256 1842 (i)
1284 1732 1528 1852 descriptus,
1551 1759 1679 1852 quam
1704 1713 1843 1824 noster
1859 1762 1986 1828 con·.

286 1869 434 1963 'firmat
455 1867 688 1990 plumbeus,
703 1873 859 1986 qru‘ppe
875 1893 1017 1985 quern,
1031 1873 1146 1956 iuxta
1165 1873 1386 1980 Mumiarm
1413 1873 1458 1956 in
1478 1868 1695 1986 sandapila,
1741 1876 1961 1979 iacentem,

207 2109 215 2122 ,
290 1999 782 2132 deprehendiffehrabas,
810 2003 932 2120 supra
947 2002 1238 2092 indicavimus.
1294 2007 1522 2114 Querenti
1546 2009 1634 2091 iam
1656 2002 1763 2093 mihi
1780 2003 1831 2109 de
1857 2021 1961 2096 con·

289 2137 517 2234 suetudinis
538 2131 976 2244 illinodefineoeum
1010 2135 1286 2226 cadaveribus
1308 2132 1536 2225 numulum
1568 2133 1788 2228 adiiciendi
1812 2171 1958 2253 veram

290 2281 498 2372 nnonem
529 2287 654 2385 atquc
678 2271 888 2384 originem
911 2269 1061 2360 venisti
1084 2269 1306 2386 scriptores
1324 2267 1515 2386 plerique,
1536 2293 1689 2386 omnes
1723 2275 1960 2410 ostendunt,

292 2439 389 2508 eam
409 2427 628 2526 propterea
651 2403 728 2494 usu
745 2402 867 2494 fuisse
888 2423 1124 2521 reoeptam,
1146 2428 1195 2496 ut
1216 2406 1450 2514 demortui,
1488 2406 1601 2495 unde
1630 2413 1805 2504 nauium
1829 2397 1959 2526 solve

266 2567 385 2646 *rent
408 2540 635 2644 Charonti,
665 2533 876 2626 haberent.
899 2544 960 2630 ira
984 2540 1163 2664 sentiunt
1188 2565 1380 2630 auctores
1405 2543 1559 2630 Graeci
1575 2547 1811 2668 Latinique,
1848 2585 1957 2676 quos

202 2707 206 2716 ’
289 2693 412 2803 snpra
436 2673 716 2794 produximus
742 2673 890 2798 nster,
927 2679 987 2764 lta
1009 2679 1136 2764 alam
1162 2673 1463 2792 perhibentalii
1479 2675 1586 2768 bene
1607 2681 1742 2780 multi,
1768 2713 1876 2804 quos
1900 2717 1960 2810 ra,-
2086 2685 2090 2692 ’

103 2907 122 2942 ‚
288 2845 393 2912 men
416 2811 500 2900 hoc
525 2809 622 2899 loco
638 2814 822 2922 redere,
835 2807 1190 2926 supervacaneum
1214 2808 1485 2918 arbitramur,
1507 2811 1635 2932 idque
1667 2837 1782 2910 tanto
1808 2834 1966 2952 magis,

289 2953 496 3074 quoniam
524 2967 594 3034 res
616 2943 675 3032 est
705 2943 963 3060 pervulgata,
993 2963 1119 3059 atque
1144 2940 1194 3036 hi
1215 2917 1409 3034 auitores
1435 2973 1528 3036 rem
1566 2952 1695 3068 ipsam
1723 2985 1802 3048 acu
1832 2974 1957 3056 mini·

289 3115 361 3184 me
382 3083 578 3176 videntur
594 3097 776 3194 tanget-e.
830 3079 958 3170 Haud
986 3077 1158 3196 quidem
1180 3075 1429 3185 diffitemur,
1460 3082 1551 3192 illis,
1574 3093 1660 3202 qui,
1687 3119 1793 3181 aevo
1819 3104 1956 3214 paullo

288 3217 524 3318 recentiori,
543 3235 699 3302 vanarn
733 3214 872 3304 sectati
894 3215 988 3303 sunt
1011 3212 1281 3328 religionem,
1312 3213 1550 3329 persuasum
1580 3217 1726 3330 fuisse,
1761 3233 1957 3348 Stygium

286 3380 460 3456 nautam
482 3375 535 3438 ex
558 3352 701 3437 numis
724 3349 804 3438 illis
826 3343 1116 3468 sepulcralibus
1134 3344 1208 3434 fibi
1235 3349 1429 3466 colligere
1455 3354 1679 3468 peculium·
1734 3369 1780 3456 ln
1808 3372 1956 3464 eadem

288 3519 395 3588 vero
419 3483 616 3574 sententia
637 3483 881 3578 vetustiores
898 3508 1081 3602 quoque,
1095 3502 1136 3570 et
1159 3485 1351 3598 inprimis
1368 3483 1498 3576 huius
1516 3498 1794 3592 caerimoniae
1815 3511 1958 3600 aucto·

287 3655 384 3724 rem
406 3615 543 3719 fuiile,
564 3631 613 3702 ut
643 3615 843 3724 credam,
873 3645 900 3707 a
933 3643 1004 3704 me
1036 3621 1259 3730 impetrare
1283 3646 1460 3738 nequeo.
1515 3627 1614 3718 Mos
1637 3636 1750 3722 enim
1775 3640 1842 3730 ille
1869 3649 1957 3736 iam

189 3813 195 3824 ·
287 3787 392 3856 tunc
413 3747 579 3842 videtur
611 3747 825 3861 inductus,
852 3775 987 3872 quum
1019 3747 1284 3841 ethnicorum
1316 3753 1528 3872 theologia
1561 3762 1754 3856 nondum
1786 3795 1873 3868 tota
1891 3787 1957 3870 in·

286 3901 408 4016 ‘ptus
424 3893 602 3993 smteret,
624 3882 901 4004 hominesque
930 3883 1204 3997 charontem,
1234 3889 1430 4006 paludem
1456 3891 1610 3984 inferni
1633 3920 1675 3990 et
1706 3901 1813 4000 hanc
1843 3921 1958 4004 traii.

282 4027 426 4126 ‘ciendi
458 4023 736 4116 necellitatem
775 4020 914 4114 adhuc
947 4026 1163 4118 nescirent.
1219 4023 1419 4134 Accedit,
1453 4029 1568 4147 quod
1607 4036 1817 4157 Aegyptii
1834 4075 1956 4144 vem.

286 4170 434 4260 stiores
454 4180 496 4250 et
517 4157 750 4264 Christiani,
765 4181 951 4274 quorum
976 4161 1035 4248 illi
1061 4160 1298 4258 cadaveruli
1319 4182 1361 4250 et
1387 4164 1556 4279 squalidi
1587 4179 1800 4283 portitcis
1823 4185 1956 4281 offici.

151 4405 155 4412 Ι
287 4327 368 4394 nm
397 4293 669 4419 ignorabant,
701 4291 748 4384 hl
767 4302 882 4384 uero
907 4293 1098 4388 ridebant
1129 4295 1223 4390 salse
1235 4357 1251 4408 ,
1273 4297 1389 4392 idem
1423 4301 1604 4394 solemne
1636 4313 1746 4406 circa
1781 4317 1955 4446 suonam

288 4466 293 4475 ·
1832 4457 1954 4554 cade·

1501 4647 1947 4722 *4*-

135 4817 140 4828 .
290 4791 344 4880 (h)
352 4788 514 4992 ⁹1:23:
516 4753 929 4964 {dammum
942 4779 1096 4862 Tomi
1138 4790 1181 4872 <ii
1204 4791 1483 4996 imag?
1512 4797 1703 4878 ustrina
1726 4808 1958 4910 Vinicium
