4504 6060
1004 481 1084 576 'iii
1132 482 1150 573 )
1200 489 1276 554 ¹02'
1309 475 1423 574 (ise

376 644 582 746 senmnua,
598 667 687 730 non
703 643 834 730 solum
852 637 902 728 de
927 635 1077 727 harum
1093 637 1342 756 appellarent
1360 635 1613 741 nominibus,
1635 635 1702 726 sed
1725 635 1870 728 iisdem
1892 639 2014 730 etiam
2111 637 2116 642 ’

374 776 545 866 urbium
566 795 783 878 naturam,
807 799 947 863 mores
969 795 1010 862 et
1040 777 1147 860 vitae
1184 773 1565 886 genusincolarum
1584 770 1852 888 adsignarent.
1888 765 2016 880 Qo'd

374 911 425 1000 ad
445 917 628 1027 primum
652 909 808 1010 attinet,
840 905 978 1020 paullo
1006 909 1188 993 curatius
1214 904 1491 1020 expendenti,
1526 930 1753 1020 quamnam
1780 907 1839 992 illi
1865 903 2015 992 babue-

359 1053 456 1133 ·rint
478 1036 668 1143 caussam,
686 1044 782 1152 qui,
812 1040 991 1152 supremi
1019 1043 1203 1126 numinis
1236 1044 1380 1128 notitia
1410 1039 1554 1126 sensim
1579 1037 1827 1142 oblitterata,
1852 1067 1901 1126 ac
1926 1057 2017 1121 tan·

370 1181 467 1268 dem
489 1170 655 1288 prorsus
674 1195 728 1255 ex
751 1173 988 1258 mortalium
1013 1176 1176 1274 animis,
1193 1171 1335 1277 deleta,
1360 1172 1651 1288 superstitionis
1676 1174 1843 1262 luerunt
1873 1167 2016 1258 condi-

369 1335 498 1412 tores,
519 1329 594 1394 cur
619 1299 804 1390 iusserint
828 1303 1033 1418 populum
1064 1307 1201 1391 varias
1226 1303 1446 1393 adorare
1434 1310 1649 1418 imagines,
1671 1333 1759 1394 non
1760 1303 1908 1461 potest
1926 1325 2016 1386 non

367 1601 449 1681 tur,
477 1599 566 1674 nec,
591 1565 837 1656 tumultibus
860 1573 1055 1670 excitatis,
1072 1565 1275 1656 damnum
1299 1571 1468 1658 inferret
1490 1568 1746 1684 reipublicae.
1801 1572 1866 1654 Ex
1885 1563 2017 1682 philo·

368 1709 506 1826 sophis
531 1701 711 1812 antiquis
735 1696 855 1783 multi
877 1701 1187 1815 perspexerunt,
1229 1695 1452 1787 confictam
1470 1699 1549 1786 elle
1565 1699 1615 1785 de
1636 1691 1757 1788 idolis
1773 1702 2017 1816 opinionem
2047 1765 2051 1776 .

368 1844 556 1963 publicae
575 1825 757 1920 utilitatis
784 1829 942 1931 caussa,
979 1852 1027 1919 ut
1061 1837 1270 1943 impetiti,
1306 1838 1379 1946 qui
1412 1836 1572 1918 ratione
1599 1857 1687 1918 non
1718 1831 1890 1949 possent,
1919 1826 2016 1914 deo·

367 2002 463 2070 rum
478 1979 769 2063 coercerentur
785 1983 911 2052 metu.
970 1963 1265 2080 improbarunt
1276 1962 1452 2079 quidem
1475 1963 1580 2052 hanc
1601 1959 1842 2056 sententiam
1869 1983 2014 2049 cron-

365 2139 397 2201 ιι
412 2133 563 2209 ortas,
606 2098 795 2188 ethnicus
821 2111 839 2202 (
839 2099 884 2208 d)
916 2118 957 2184 et
985 2099 1240 2190 Christianus
1264 2102 1350 2210 (e),
1377 2098 1444 2185 sed
1462 2099 1540 2200 ille,
1567 2117 1626 2202 ut,
1648 2125 1777 2214 quam
1798 2093 2016 2214 profiteba-

364 2267 446 2345 tut,
477 2223 723 2349 religionem
764 2230 952 2344 spernere
986 2255 1040 2316 ne
1073 2225 1306 2329 videretur3
1330 2227 1540 2334 blevam,
1572 2233 1774 2343 quoniam
1797 2224 2016 2332 metuebat,

222 2383 225 2388 ’
364 2397 426 2481 ut,
448 2374 645 2485 dogmate
670 2362 741 2448 illo
758 2359 955 2467 stabilito,
977 2387 1077 2449 vera
1100 2361 1414 2448 conservaretur
1432 2351 1605 2478 religio}
1647 2389 1753 2479 quae
1774 2384 1914 2450 tamen
1936 2359 2015 2448 sat·

364 2532 407 2598 ta
432 2525 537 2594 tecta
565 2496 763 2602 manebit,
785 2497 878 2584 licet
918 2495 1116 2609 sapientes
1140 2493 1232 2582 illos
1261 2493 1415 2584 assensu
1434 2525 1584 2587 omnes
1599 2483 1810 2616 accipiant.
1870 2501 2016 2606 Qum

362 2648 495 2758 igitur
531 2636 758 2750 superstitio
794 2634 1033 2734 communis
1065 2634 1125 2715 rei
1159 2631 1322 2718 utilitati
1346 2632 1542 2722 inservire
1583 2635 1906 2747 societatumque
1938 2627 2015 2715 bu·

268 2819 270 2824 v
365 2797 588 2862 manarum
630 2763 858 2856 commoda
895 2789 1148 2877 promovere
1185 2761 1371 2850 deberet:
1411 2766 1632 2856 multitudo
1660 2765 1839 2854 indocta
1867 2763 2017 2852 fortius

363 2898 521 3021 impelli
544 2898 670 2988 baud
704 2915 864 3013 poterat
887 2894 940 2982 ad
958 2895 1117 2982 strenue
1139 2920 1219 3013 pro
1244 2893 1450 3008 republica
1490 2898 1795 3022 pugnandum,
1811 2917 1934 3013 atque
1963 2891 2016 2979 ad

365 3067 472 3141 eam,
507 3030 824 3171 quibuscunque
849 3024 979 3142 posset
1006 3024 1143 3125 rebus,
1167 3025 1433 3148 augendam,
1469 3056 1610 3146 quam,
1644 3029 1675 3117 s1
1712 3031 1769 3118 illi
1806 3027 1931 3144 ipsius
1958 3030 2016 3113 ci·

364 3177 522 3274 utatis,
563 3173 724 3282 inqua
769 3158 964 3266 vivebat,
1012 3165 1155 3273 imago
1186 3157 1458 3269 exhiberetur,
1492 3163 1662 3277 auguste
1704 3164 1920 3277 sancteque
1945 3179 2018 3245 co·

363 3295 506 3405 lenda3
535 3322 600 3403 ut,
633 3325 762 3414 quam
806 3297 989 3386 divinis
994 3313 1192 3382 mactaret
1223 3292 1474 3402 honoribus,
1515 3323 1594 3413 pro
1635 3325 1683 3386 ea
1720 3300 1846 3383 etiam
1883 3293 2016 3394 staret,

364 3469 456 3546 nec,
485 3457 544 3538 ut,
570 3432 639 3519 sua
654 3431 889 3542 aliorumve
912 3417 1052 3539 culpa,
1081 3447 1245 3562 caperet
1279 3426 1601 3535 detrimentum,
1629 3427 1894 3546 permitteret.
1950 3427 2015 3512 Ex

366 3559 608 3656 huiusmodi
639 3563 844 3674 principio
878 3553 1112 3642 introducta
1146 3541 1241 3640 est
1236 3565 1445 3646 maiorum
1482 3560 1723 3647 nostrorum
1763 3545 2016 3644 consuetudo

367 3694 660 3798 civitatibus,
646 3718 692 3777 tn
714 3687 891 3776 deorum
915 3711 1093 3772 numero
1121 3665 1323 3803 repositis,
1349 3692 1502 3808 templa
1534 3685 1796 3782 consecrandi
1829 3683 2014 3774 easdem·

366 3862 448 3952 que
475 3817 629 3949 divinis
653 3817 927 3942 prosequendi
948 3815 1195 3922 honoribus3
1219 3847 1346 3936 quam
1379 3853 1453 3941 per
1481 3828 1723 3917 universum
1748 3818 1878 3908 ferme
1907 3821 2014 3905 anti·

366 3993 500 4084 quum
525 3985 728 4050 terrarum
759 3956 907 4044 orbem
942 3957 1018 4041 usu
1046 3951 1162 4045 fuisse
1194 3961 1355 4059 tritam,
1394 3961 1625 4075 exempla,
1612 3987 1657 4046 tn
1682 3955 1894 4046 annalium
1923 3977 2016 4040 mo·

359 4102 580 4189 numeratis
605 4083 750 4196 obvia,
784 4111 898 4178 extra
932 4113 1104 4174 omnem
1131 4086 1398 4178 dubitationis
1427 4095 1630 4182 collocant
1661 4093 1805 4179 aleam.
1877 4083 1935 4174 Vt
1960 4083 2012 4173 ab

367 4237 447 4325 illis
472 4229 586 4348 globi
603 4226 730 4312 nostri
754 4227 969 4339 terraquer,
979 4249 1082 4338 quas
1099 4223 1332 4330 incolimus,
1349 4225 1545 4343 partibus,
1562 4219 1883 4312 occidentalibus
1892 4247 2014 4307 nem·

369 4397 434 4487 pe,
452 4367 720 4480 incipiamus,
748 4380 907 4448 veteres
930 4359 1151 4446 Britannos
1186 4361 1356 4475 Brigen,
1386 4361 1470 4452 sive
1501 4363 1774 4476 Brigantiam,
1788 4353 2014 4544 oppidum,

1815 4483 2013 4685 quod

370 4836 487 4918 (dlDr
500 4848 624 4905 natura
638 4832 781 4916 deorum,
796 4815 849 4902 lib.
864 4829 889 4902 l.
906 4835 975 4922 cap.
992 4823 1052 4918 qa.
1089 4842 1094 4853 ’
1222 4834 1268 4923 (a)
1290 4828 1418 4920 Deire,
1433 4839 1514 4946 Cap.
1528 4837 1568 4910 X.
1593 4839 1620 4929 s.
1636 4857 1687 4940 47.
1747 4911 1756 4934 ,.
1800 4921 1805 4931 ,
1897 4811 1904 4822 ¹
