4500 6058
279 629 442 730 ¹eontra
459 622 559 724 eum
588 623 821 724 illiusmodi
858 628 1132 720 excitabimus
1160 627 1293 736 testes,
1325 627 1401 748 qui
1434 628 1510 749 lpfi
1534 622 1778 750 displicent:
1812 625 1882 716 sed
1904 625 1978 714 sno

295 774 423 893 ipl‘rus
440 772 581 889 gladio
598 796 698 860 eum
715 765 1012 884 iugulabimus.
1040 769 1157 856 Dum
1173 764 1217 868 id
1232 771 1320 888 agit
1345 790 1673 872 uaunvnuvs,
1700 782 1749 853 ut
1764 759 1978 864 billoriaru

297 910 545 1025 Augustam,
573 915 806 994 numorum
836 929 930 1020 ope,
964 901 1171 1007 restituat,
1200 923 1289 988 non
1314 906 1500 990 rarenter
1525 903 1594 1008 (x)
1629 902 1774 990 talium
1809 920 1979 1015 quoque

297 1045 431 1132 inlicit
454 1044 728 1146 mentionem,
745 1044 789 1126 in
816 1038 968 1156 quibus
993 1039 1139 1127 Octav.
1170 1035 1347 1153 Augusti
1367 1056 1491 1152 caput
1517 1037 1695 1126 nudum'
1708 1033 1980 1150 conspicitur:

296 1202 438 1294 neque
459 1195 601 1265 tamen
636 1199 854 1292 propterea
879 1201 1034 1289 negare
1066 1191 1265 1276 conatur,
1297 1169 1412 1260 hunc
1432 1176 1678 1290 principem,
1704 1197 1805 1260 cum
1830 1162 1982 1286 insigni

300 1315 440 1404 laurea
459 1309 713 1428 triumphali,
738 1316 782 1397 in
802 1310 1060 1424 Capitolium
1077 1308 1157 1396 else
1178 1311 1408 1412 invectum,
1432 1333 1566 1424 eoque
1584 1313 1815 1424 imperante
1837 1306 1983 1393 omnia

212 1549 215 1554 ,
302 1445 466 1559 semper
491 1443 607 1536 luisle
625 1465 779 1562 parata.
808 1446 873 1548 Et,
893 1441 965 1558 qtii
979 1443 1099 1530 ausus
1109 1429 1255 1547 luillet,
1267 1441 1347 1531 boc
1364 1437 1517 1530 infitias
1534 1447 1616 1528 ire:
1635 1465 1768 1558 quum
1789 1439 1863 1528 fibi
1883 1463 1984 1526 con·

305 1579 586 1669 tradicturum
606 1580 766 1670 videret
787 1579 927 1683 illum,
956 1583 1075 1666 cuius
1101 1579 1258 1692 scripta,
1291 1598 1453 1694 praeter
1479 1577 1658 1666 allorum
1683 1575 1905 1680 nonnulla,
1932 1591 1987 1660 ex

297 1720 429 1808 omni
462 1722 717 1834 antiquitate,
747 1719 904 1815 fiurera
920 1712 1013 1822 esse,
1035 1722 1251 1830 opinatur,
1290 1739 1527 1802 naturum
1552 1717 1735 1832 nempe?
1764 1715 1849 1800 Hic
1871 1714 1986 1816 enim

303 1849 456 1978 paffim
471 1853 648 1968 Augusti
671 1853 850 1944 celebrat
867 1856 1062 1942 victorias
1091 1861 1181 1963 ως
1203 1857 1339 1938 immo
1359 1847 1480 1938 affert
1498 1856 1638 1958 etiarn,
1658 1880 1682 1940 e
1700 1859 1900 1968 trophaeo
1918 1845 1987 1935 Al·
2077 1861 2082 1872 '

305 1996 450 2112 pium,
483 1989 799 2100 inscriptionem
834 1992 923 2095 (z),
954 1985 1207 2104 amplilsrmo
1230 1991 1445 2101 gentium,
1475 1981 1600 2073 buius
1625 1991 1890 2102 imperatoris
1915 2009 1987 2072 au·

306 2127 454 2243 spiciis,
480 2121 751 2228 devictarum,
778 2125 969 2238 catalogo
998 2125 1250 2213 decoratam.
1305 2119 1433 2229 Qod
1452 2120 1483 2205 fi
1504 2125 1645 2238 itaque
1666 2129 1887 2213 monetarii
1910 2145 1989 2209 vo·

308 2257 475 2350 luissent
508 2259 716 2368 lauream,
751 2262 992 2378 principum
1021 2253 1258 2375 impolilam
1288 2251 1515 2370 capitibus,
1552 2255 1632 2345 elle
1657 2258 1893 2370 symbolum
1925 2263 1987 2348 vi·

312 2404 556 2502 montrum,
587 2398 642 2487 ab
663 2397 812 2488 iisdem
836 2417 1179 2516 reportararum:
1209 2391 1454 2513 oportuisset
1480 2419 1575 2498 eos,
1612 2395 1848 2512 Augustum
1876 2423 1987 2487 nuu-

312 2558 459 2653 quam,
481 2533 558 2619 nisr
584 2557 685 2621 cum
704 2531 785 2622 hoc
815 2551 1081 2636 ornamento,
1106 2535 1151 2616 in
1176 2525 1372 2642 operibus
1393 2525 1474 2614 suis
1501 2533 1812 2642 repraesentare.
1870 2541 1988 2648 Qae

314 2693 452 2785 quum
476 2671 533 2756 ita
562 2667 659 2756 lint:
687 2689 729 2758 et
761 2687 872 2756 recte
901 2683 1178 2756 unnnvruvm
1205 2665 1401 2750 vanitatis
1431 2661 1732 2776 postulavimus
1751 2676 1923 2786 pariter,
1940 2696 1990 2759 ac

314 2801 630 2908 damnavimus,
655 2823 699 2892 et
729 2807 881 2892 merito
908 2801 1031 2888 aliam
1061 2799 1327 2900 diversitatis,
1353 2821 1482 2912 quam
1500 2802 1545 2884 in
1568 2801 1774 2894 Hadriani
1795 2809 1991 2925 imagini·

309 2941 398 3032 bus
420 2937 644 3056 pingendis
674 2937 1075 3044 animadvertimus,
1104 2942 1312 3026 rationem
1347 2934 1718 3051 circumspicimus.
1771 2943 1991 3058 Qamdiu

314 3105 388 3172 res
406 3080 700 3166 Romanorum
728 3077 891 3192 publica
919 3083 963 3165 in
986 3081 1070 3164 aris
1094 3090 1184 3162 erat
1211 3068 1422 3186 focisque,
1454 3070 1620 3162 laurum
1637 3075 1710 3167 soli
1729 3083 1909 3173 victores
1927 3082 1990 3170 so-

309 3211 460 3304 lebant
474 3209 643 3330 gestare,
653 3230 695 3297 et
708 3217 795 3327 qui,
805 3239 905 3301 cum
924 3205 1291 3327 triumphantibus,
1307 3203 1480 3294 solemni
1497 3235 1666 3326 pompa,
1687 3211 1834 3305 urbem
1851 3223 1992 3336 ingre-J

319 3347 549 3440 diebautur.
606 3347 816 3466 Deinceps
838 3374 956 3452 vero,
982 3373 1117 3463 quum
1143 3345 1438 3428 Romanorum
1468 3341 1632 3432 libertas
1656 3343 1710 3437 ad
1732 3354 1905 3441 exitium
1927 3358 1990 3441 iu·

317 3489 479 3602 ‘ciperet
501 3507 695 3598 vergere:
715 3480 891 3586 laureae,
915 3477 1149 3597 etquidem
1171 3492 1394 3592 perpetuo,
1423 3477 1640 3590 gestandae
1664 3483 1853 3598 potestas,
1880 3493 1992 3578 sena.

318 3641 394 3707 rus
423 3617 605 3724 decreto,
626 3611 934 3705 concedebatur
958 3613 1132 3718 civibus,
1164 3613 1348 3728 potentia
1367 3611 1611 3735 valentibus.
1663 3621 1844 3731 Primus,
1863 3651 1992 3746 quem

318 3757 401 3844 ilio
427 3753 592 3843 honore
617 3751 850 3852 affecerunt
875 3755 915 3842 S.
938 3757 982 3843 Ρ.
1007 3751 1132 3862 QR.
1166 3748 1247 3838 suit
1276 3751 1502 3863 Pompeius
1533 3757 1593 3840 M.
1622 3777 1748 3869 quem
1773 3778 1916 3853 tamen
1939 3789 1994 3854 ω

324 3891 452 3981 semel
483 3893 664 3978 omniuo
695 3883 773 3977 effe
800 3889 943 3996 usum,
979 3907 1197 3978 auctorem
1223 3882 1358 3973 babeo
1391 3909 1615 3974 oronam
1647 3915 1887 3986 cassium
1917 3906 1995 4010 (a).

321 4023 445 4116 idem
472 4029 598 4116 etiarn
627 4019 697 4138 (b)
721 4021 908 4140 perinde,
932 4049 982 4113 ac
1007 4043 1321 4112 surrorvrvs
1353 4019 1421 4132 (c)
1446 4025 1676 4114 memoriae
1697 4029 1994 4143 prodidit,‘lul.

343 4203 348 4216 ·
1889 4171 1998 4272 Cae.

341 4405 508 4434 ιιι-ιιι·-
1337 4405 1996 4451 ΜἫ

329 4545 383 4622 m
399 4537 663 4626 macutus
681 4557 762 4626 700.
782 4551 818 4609 a
833 4533 1045 4626 arreptum
1179 4541 1230 4628 p)
1250 4535 1322 4612 nu.
1339 4540 1397 4612 ru.
1416 4561 1485 4632 asp.
1506 4561 1560 4612 ιο.
1616 4505 1621 4518 ’

180 4667 184 4674 ·
312 4649 387 4742 ιθ)
404 4631 491 4719 vida
513 4649 665 4738 inprime
687 4645 810 4738 Hister.
829 4649 979 4720 mal.
995 4645 1137 4720 libili
1182 4651 1232 4736 (al
1253 4651 1372 4736 nestor.
1389 4655 1477 4724 ΚΜ.
1491 4653 1545 4722 lib.
1559 4648 1726 4723 XXXVII.
1741 4673 1815 4748 pag.
1831 4679 1882 4750 39.
1895 4661 1936 4736 c,

191 4771 198 4780 ‘
313 4797 320 4811 ·
362 4815 370 4824 .
398 4778 467 4850 up.
488 4777 536 4845 45
550 4779 618 4848 qno
638 4760 716 4826 loeo
735 4756 1141 4852 νῌψίὶῑμεῐιιᾱὴ
1179 4758 1232 4842 sb)
1252 4757 1318 4828 bb.
1337 4759 1632 4852 XLllllpapm
1653 4761 1695 4835 D.

400 4871 615 4962 ”mma
625 4865 806 4948 subibam,
898 4923 904 4934 .
1017 4920 1023 4938 ·
1184 4870 1242 4964 lul·
1255 4870 1554 4968 insumens.
1567 4873 1674 4970 XLV.
