4504 6060
880 505 928 618 ὓ
976 515 997 614 i
1050 513 1185 620 ur<
1230 507 1279 622 ti

252 674 537 780 τάιέγιίιιματα
556 679 627 760 riv
648 677 747 768 broit,
770 679 906 795 inquit
924 671 1255 793 elegantissimus
1278 697 1559 776 mstomivs
1588 681 1668 786 (u),
1695 669 1894 772 'Apim‘

254 810 304 892 roi
318 801 401 892 «ὅδε
422 806 615 913 ζευγνύντες
635 807 693 888 rati
713 814 826 914 ὥσπερ
847 813 993 890 isium
1017 811 1156 890 ἷστᾶσιι.
1220 814 1379 908 Statuas
1410 811 1570 904 deorum
1604 809 1791 925 Aegyptii
1819 825 1891 918 pe·

254 963 368 1049 num,
384 945 653 1057 coniungentes
667 940 744 1029 itis
762 935 880 1054 pedes
906 953 946 1026 et
965 930 1088 1025 ueluti
1111 941 1299 1034 urentes.
1353 939 1518 1052 thtu
1551 965 1603 1032 ex
1627 939 1765 1026 verbis
1792 931 1891 1047 illud

253 1073 411 1189 liquido
435 1094 615 1192 apparet,
638 1071 960 1160 consentaneum
986 1065 1101 1159 fuisse
1131 1077 1394 1188 Aegyptiacis
1420 1073 1630 1185 institutis,
1647 1095 1737 1158 non
1760 1068 1892 1164 solum

255 1205 507 1313 Canobum,
530 1205 599 1294 sed
624 1205 700 1294 alia
735 1227 904 1318 quoque
933 1205 1129 1309 numina,
1160 1201 1343 1320 pedibus,
1358 1209 1415 1293 ita
1452 1207 1685 1297 coniunctis
1701 1205 1894 1315 pingere,

252 1345 301 1428 tit
326 1365 474 1428 eorum
494 1343 627 1452 capita
654 1337 745 1424 ollis
765 1334 1005 1424 viderentur
1026 1337 1228 1452 imposrta.
1284 1339 1366 1438 Et,
1395 1333 1425 1420 sr
1457 1333 1601 1448 populi
1624 1332 1747 1420 buius
1769 1331 1892 1438 idola,

253 1499 361 1590 quae
378 1467 526 1588 pailim
554 1467 786 1558 beatiorum
818 1489 971 1557 ornant
993 1469 1280 1576 cimeliarcbia,
1298 1467 1366 1556 vel
1386 1467 1567 1580 litgitivo
1590 1465 1727 1565 oculo,
1757 1469 1894 1582 perlu-

253 1607 451 1693 stramus:
478 1601 645 1713 hydrias
675 1595 988 1690 observabimus
1005 1602 1270 1719 complures,
1304 1625 1485 1715 quarum
1510 1593 1669 1692 orificio
1688 1596 1892 1711 capitibus

254 1756 441 1828 contecta
456 1738 549 1824 lunt
570 1737 739 1821 caninis.
764 1731 836 1818 Est
855 1731 978 1818 huius
996 1737 1308 1848 generis,quam
1324 1758 1376 1820 ex
1400 1755 1608 1822 vrvntssu
1622 1729 1893 1844 gazaprodu-

252 1871 314 1956 xit
324 1871 445 1953 toties
457 1871 542 1952 iam
556 1866 756 1967 laudatus,
770 1890 988 1979 nunquam
1005 1867 1216 1955 verosaris
1227 1861 1891 1954 laudandusuonrrnvoonr·
2026 1861 2031 1868 '

252 2021 312 2092 vs
347 2000 430 2110 (x),
451 2003 524 2114 qui
545 1997 660 2086 orbis
694 1998 844 2086 eruditi
861 1996 1036 2102 Nestor,
1072 1998 1289 2112 vulgarem
1315 2002 1477 2091 secutus
1509 1999 1771 2108 opinionem,
1797 2025 1899 2087 earn.

253 2131 425 2247 quidem
447 2134 554 2214 iuter
576 2127 741 2214 Canobi
756 2127 973 2216 stmulacra
996 2132 1214 2234 recensuit,
1238 2132 1305 2220 sed
1332 2133 1416 2218 line
1433 2125 1704 2240 explicatione
1727 2126 1914 2241 dimisit,

253 2261 337 2349 hoc
365 2260 474 2376 ipso,
514 2257 590 2344 nili
619 2256 823 2360 fallimur,
852 2256 1112 2363 ostensurus,
1147 2261 1185 2346 se
1216 2259 1266 2348 de
1294 2261 1361 2348 illa
1384 2260 1562 2358 omnino
1591 2253 1693 2344 nihil
1732 2257 1905 2368 habere,

253 2391 370 2508 quod
400 2388 564 2504 liqueat.
619 2387 994 2496 Quemadmodum
1014 2411 1155 2478 autem
1171 2390 1283 2480 baud
1299 2389 1469 2493 dubito,
1493 2391 1597 2502 quin
1611 2413 1701 2476 rem
1720 2395 1899 2506 tetigero.

249 2525 394 2628 acu‚fi,
419 2521 522 2614 illud
541 2512 870 2608 'monumentum
881 2519 1611 2641 Anubidemrepraeseotare,dicamt
1642 2523 1700 2606 ita
1725 2545 1901 2644 quoque.

253 2656 445 2755 arbitror,
470 2650 729 2766 amphorales
744 2651 845 2742 deos
863 2674 1052 2742 accurate
1076 2661 1192 2772 ptius
1209 2657 1288 2745 elle
1309 2649 1620 2758 examinandos,
1635 2677 1763 2769 quam
1785 2655 1836 2746 de
1850 2664 1900 2748 il.¹

254 2793 397 2880 lorum
426 2777 723 2896 fignificatione
743 2785 1056 2896 respondeatur,
1088 2779 1353 2904 veritatisque
1377 2805 1589 2875 amantem
1613 2808 1827 2900 oportere,
1843 2821 1896 2884 ex

254 2919 526 3019 ornamentis,
544 2909 705 3028 quibus,
726 2912 818 2999 sunt
833 2917 1070 3029 conspicui,
1092 2917 1275 3032 singulos
1298 2922 1487 3036 spectare.
1543 2919 1660 3019 Qae
1683 2946 1818 3034 quum
1840 2930 1897 3012 ita

254 3047 514 3142 rehabeant:
548 3063 664 3140 tanto
689 3040 1090 3132 lubentiussalteram
1117 3049 1385 3153 munierum,
1410 3054 1456 3134 in
1475 3043 1722 3139 numismate
1750 3051 1897 3138 nostro

252 3187 530 3302 signatarum,
567 3172 620 3263 de
646 3174 745 3266 lfide
776 3175 1086 3293 explicavimus,
1120 3204 1206 3297 quo
1226 3182 1344 3298 plura
1368 3179 1554 3273 numinis
1579 3173 1702 3266 huius
1722 3183 1898 3296 insignia

251 3324 300 3407 in
337 3341 386 3400 ea
419 3307 794 3426 deprehendimus,
833 3333 1003 3428 quoque
1037 3319 1201 3430 aptius,
1241 3341 1294 3402 ex
1330 3321 1449 3427 Aegy
1445 3313 1656 3428 ‘priorum
1688 3307 1897 3429 disciplina

253 3447 366 3538 ilidis
390 3461 585 3557 caput)
539 3440 585 3550 h)
583 3440 708 3526 driae
732 3439 909 3554 adiungi
928 3448 1074 3556 potuit.
1106 3447 1277 3536 Siculam
1297 3453 1409 3536 euim
1427 3439 1606 3554 hieroglt
1603 3438 1733 3555 phire
1748 3449 1899 3538 Nilum

253 3578 500 3726 'defignaro
489 3600 572 3660 ram
591 3575 709 3688 supra
725 3571 904 3658 lecimus
920 3575 1119 3687 manum:
1144 3579 1326 3667 eundern
1346 3605 1448 3666 voto
1467 3576 1669 3678 fluvium,
1678 3575 1767 3671 sub
1774 3583 1899 3669 ofin·-

254 3710 354 3800 dis
343 3707 525 3816 imagine
540 3695 794 3804 adoratum,
782 3727 826 3786 ιιι
844 3706 1113 3792 matrimonio
1126 3687 1308 3794 babuisse
1326 3705 1486 3813 isidem,
1504 3706 1689 3816 sororem
1708 3706 1836 3816 suam,
1850 3739 1899 3802 ea

254 3849 459 3940 evincent,
469 3863 576 3953 quae
591 3831 714 3938 infra,
726 3829 985 3927 adteterum
995 3832 1537 3944 fideru‚commentab1mur
1563 3831 1677 3922 Nihil
1693 3838 1899 3945 igitttrab-

254 3971 367 4060 surdi
383 3964 566 4082 nihilque
580 3963 724 4054 absoni
742 3961 964 4054 finxerunt.
976 3969 1326 4086 Aegyptiiquunt
1343 3969 1496 4052 marito
1512 3967 1569 4052 ita
1582 3969 1802 4076 iungerent
1817 3977 1900 4063 tori

252 4095 431 4200 sociam,
462 4093 514 4194 ut‘
528 4096 655 4186 ambo
682 4125 814 4189 unum
843 4097 1055 4190 efficerent
1071 4127 1236 4215 corpus
1292 4096 1431 4206 Quid?
1456 4095 1571 4212 quod
1596 4097 1824 4212 supersunt,
1845 4130 1898 4196 ex

252 4226 537 4350 antiquiffinto
554 4255 682 4337 aevo,
705 4251 993 4330 monumenta,
1011 4233 1056 4314 in
1077 4229 1229 4346 quibus
1252 4228 1425 4318 uenulae
1439 4226 1898 4344 ligumitbiemadum·

252 4363 380 4469 brari,
401 4383 669 4476 agnoverunt
687 4370 766 4452 viri
786 4370 832 4452 in
849 4356 1161 4478 antiquitatibus
1186 4357 1655 4564 exercitatissimiuusu
1667 4389 1901 4454 nostraev-

1061 4494 1251 4602 (ιι-’ψ
1677 4559 1706 4568 --
1777 4522 1899 4584 ...co

256 4811 310 4884 οι)
332 4773 592 4908 Atiii'tp'iroru'ni
610 4757 678 4888 illi
684 4809 750 4887 111.
759 4755 827 4922 cap
857 4825 887 4898 ε.
908 4802 981 4906 pagi
1001 4819 1120 4904 ι33(
1097 4787 1159 4903 ixi
1176 4763 1282 4899 l‘oco,
1289 4763 1438 4888 biurio
1407 4793 1518 4904 attilii,
1494 4731 1638 4888 labula
1656 4813 1727 4909 pou
1746 4727 1901 4920 quinque·

319 4891 392 4960 ‘dli
420 4889 621 4980 inidoneos.
1165 4902 1320 4996 gelimam
1346 4904 1472 4980 inserta.
