4500 6058
695 589 698 596 .
913 489 963 592 d
1011 495 1029 588 )
1080 513 1117 569 21
1162 497 1187 591 .(
1232 489 1284 598 θ
1764 589 1814 608 .,

265 679 386 772 quae,
400 656 445 745 in
458 647 537 746 hac
556 649 853 774 disceptatione
873 653 1097 745 adbibuiffe
1115 655 1313 762 eruditos,
1329 671 1515 774 noverat,
1545 649 1817 770 argumentis,
1839 653 1931 738 un·'

265 789 501 908 dique,nec
516 792 601 880 fine
619 790 977 897 labore,corrasrs,
995 789 1273 908 adversarium
1293 792 1413 880 suum
1430 783 1710 908 oppugnabat
1739 785 1917 885 Verum,

265 954 364 1016 cum
403 933 604 1032 rationes,
628 925 799 1045 quibus,
830 950 878 1016 ut
915 924 1166 1044 plurimum,
1195 949 1339 1020 contra
1378 951 1568 1016 veterum
1599 917 1820 1040 plumbeos
1840 939 1919 1035 pu·
1979 965 1983 974 ·

264 1084 437 1176 gnatus,
455 1062 566 1152 leves
585 1064 697 1168 sunt,
723 1084 847 1178 atque
876 1069 965 1152 eius
992 1087 1181 1170 naturae,
1210 1085 1258 1150 ut
1290 1065 1463 1176 sagaces,
1492 1064 1564 1174 qui
1578 1062 1768 1144 animum
1786 1056 1917 1135 atten-

263 1199 389 1305 dunt,
412 1225 556 1288 earum
582 1200 902 1288 imbecillitatem
928 1225 1017 1286 non
1031 1193 1186 1314 poffint
1209 1223 1299 1284 non
1320 1192 1566 1308 intelligere,
1595 1211 1688 1279 tum
1717 1177 1918 1293 uniusn-

261 1363 322 1424 vs
347 1340 391 1422 in
418 1332 609 1452 adoptata
631 1335 755 1424 semel
777 1338 972 1422 sententia
1003 1359 1090 1422 non
1114 1331 1301 1448 perstitig,
1330 1328 1415 1434 sed,
1440 1324 1707 1416 avenerabili
1728 1327 1915 1409 Luccen·

259 1468 367 1557 stum
399 1467 557 1558 Abbate
593 1477 748 1576 victus,
789 1467 1064 1585 palinodiam,
1104 1469 1197 1556 licet
1227 1471 1414 1582 privatos
1458 1467 1569 1554 inter
1591 1463 1786 1578 parietes,
1810 1453 1916 1541 ceci·
1963 1513 1968 1524 .

184 1701 190 1708 ,
258 1609 323 1690 nit
342 1608 748 1708 (z).Firmainenrum
772 1609 1422 1720 praecipuum,quottsrs1ttvs
1445 1603 1616 1713 eiusque
1631 1589 1796 1682 affectae
1814 1586 1916 1687 nixi,

257 1735 480 1854 plumbum
512 1761 632 1826 vetus
666 1736 1005 1858 proscribendum
1035 1737 1291 1842 iudicarunt,
1317 1735 1411 1852 ipfis
1442 1729 1719 1854 exhibuerunt
1742 1723 1915 1838 sequen·

145 1900 149 1906 ·
247 1875 313 1988 ,tia
343 1870 444 1988 legis
468 1872 686 1964 Corneliae
717 1870 845 1961 verba
868 1879 952 1987 (a):
1007 1871 1153 1960 Mem
1184 1871 1267 1991 lege
1296 1873 1560 1990 exprimitur,
1588 1893 1639 1954 ne
1667 1862 1756 1982 quis
1778 1878 1925 1954 numos.

247 2003 452 2123 flagnm,
486 2005 704 2126 plumbeos,
735 2037 886 2114 emere,
917 2009 1090 2098 uendere
1121 2007 1205 2098 dolo
1237 2005 1338 2098 malo
1364 2008 1489 2097 vadet.
1546 2005 1761 2113 Quoniam
1793 2011 1915 2078 nem·

254 2166 330 2256 pe,
362 2139 436 2228 sub
464 2139 624 2230 tabulae
644 2138 765 2228 buius
798 2147 992 2246 initium,
1020 2142 1248 2258 legislator,
1277 2147 1452 2232 crimine
1475 2138 1560 2228 talfi
1596 2138 1746 2234 teneri,
1779 2121 1914 2220 iubet,

254 2281 393 2393 quiin
420 2303 571 2366 aurum
602 2279 691 2364 vitii
724 2275 825 2392 quid
849 2273 1099 2381 addiderint,
1129 2299 1201 2365 aut
1230 2298 1449 2392 argenteos
1471 2296 1627 2362 numos
1658 2261 1913 2354 adulterinos

252 2409 466 2502 flaverint:
495 2395 716 2502 autumant
733 2411 850 2518 hinc,
883 2409 1006 2502 buius
1035 2413 1137 2528 legis
1164 2415 1381 2503 auctorem
1417 2407 1594 2505 eandem
1627 2407 1810 2520 poenam
1840 2389 1913 2479 de-

251 2545 474 2654 nuntiall'e,
509 2553 583 2667 qui
615 2546 837 2669 plumbeos
872 2548 1023 2640 cudere
1047 2545 1204 2638 fuerint
1239 2549 1336 2640 ausu
1389 2533 1542 2634 lnstan't
1577 2547 1737 2659 itaque,
1775 2533 1912 2649 quum

250 2678 363 2796 apud
388 2684 607 2770 Romanos
633 2689 773 2774 omnis
808 2681 968 2800 plumbi
994 2689 1039 2772 in
1070 2688 1330 2774 commercio
1361 2679 1458 2771 usus
1484 2675 1610 2770 fuerit
1640 2666 1910 2764 interdictus:

252 2814 416 2900 nullum
435 2811 514 2898 etse
532 2811 721 2919 dubium,
739 2821 842 2931 quin
870 2816 1016 2906 falsarii
1043 2815 1331 2907 fabrefecerint
1353 2813 1552 2936 quicquid
1577 2806 1740 2932 plumbi
1763 2803 1917 2918 [ignati

252 2942 378 3035 hodie
394 2943 649 3059 inditionem
669 2947 797 3036 exstat
810 2947 1155 3065 numophylaciis
1181 2951 1357 3056 Verum,
1372 2953 1490 3043 licuti
1506 2948 1608 3040 baec
1624 2939 1911 3062 interpretatio

249 3101 445 3172 amente
480 3078 725 3194 legislatoris
757 3078 815 3168 est
836 3080 1097 3198 alieniffima:
1146 3086 1203 3171 ita
1219 3091 1358 3193 edam,
1384 3084 1500 3204 quod
1528 3081 1627 3174 inde
1651 3073 1917 3170 concluduno
1982 3102 1988 3115 ·

249 3212 492 3321 adversarii,
519 3211 630 3301 ultro
660 3214 855 3306 concidit.
911 3217 1038 3306 Recte
1072 3215 1351 3334 sagaciffimus
1380 3241 1421 3309 et
1437 3303 1444 3316 ,
1463 3213 1605 3306 omnis
1641 3211 1910 3330 antiquitati&

250 3371 292 3442 et
322 3347 465 3464 legum
495 3351 722 3463 interpres,
770 3374 961 3446 carot.
992 3377 1143 3442 cass.
1179 3348 1674 3459 barbarororum),
1706 3345 1910 3462 observat,

247 3481 358 3575 hanc
382 3482 564 3573 tabulam
591 3479 912 3601 haudquaquam
938 3515 964 3576 a
986 3493 1227 3578 monetariis
1252 3489 1433 3590 officinis
1456 3483 1650 3604 relegam
1670 3478 1913 3600 plumbum,

248 3617 318 3710 sed
334 3611 584 3717 interdixisse
600 3636 849 3730 tantumne
864 3626 1016 3739 privati
1032 3619 1227 3742 homines
1243 3621 1659 3742 flarenrfcrirentque
1678 3637 1910 3724 monetam,
1954 3609 1958 3618 ’

1041 3879 1052 3920 x
1127 3755 1212 3870 Ca
1299 3875 1306 3918 κ
1642 3843 1644 3850 χ
1781 3749 1911 3868 idque
1975 3857 1984 3874 ἣ

241 4072 297 4174 Ι(τ)
317 4067 599 4174 Intelligete'lrod
612 4085 688 4154 licet
705 4106 747 4156 ex
765 4083 883 4158 laudati
901 4081 1070 4182 praesuli!
1156 4083 1698 4184 poemaninensium
1711 4080 1907 4178 temporibus

312 4193 469 4286 epistola,
491 4193 531 4264 od
554 4216 674 4266 znctt.
705 4200 1060 4281 conzrvut=data3iu
1109 4225 1129 4250 ··
1166 4207 1261 4272 moni
1272 4203 1413 4300 genuini
1431 4189 1630 4293 exflo'tor'int,
1650 4222 1693 4272 tx
1714 4167 1910 4290 ponno,vo¹
2000 4251 2017 4282 χ

310 4325 376 4395 quo
390 4305 453 4376 loe.
461 4305 544 4374 citat.
558 4305 602 4374 ito
615 4303 748 4379 scribit:
767 4310 819 4378 De
830 4310 970 4380 Antinoo
982 4331 1050 4380 meo
1149 4309 1283 4408 plumbo
1295 4313 1362 4403 cust
1363 4339 1377 4398 ;
1389 4313 1429 4383 td
1439 4311 1525 4404 quod
1535 4335 1591 4409 ego
1592 4307 1829 4404 scriptionibus
1841 4301 1909 4374 oli·

304 4411 438 4512 stagneo
458 4433 546 4494 rorte
566 4415 702 4486 inditas.
724 4417 817 4509 Quae
835 4435 1052 4524 contooogrt·
1100 4499 1103 4506 Ι
1159 4405 1284 4516 quoties
1296 4429 1445 4508 noratis,
1463 4439 1513 4494 tot
1528 4424 1732 4520 argumentis
1744 4419 1846 4502 cuci,
1866 4427 1906 4486 ’Φ

304 4526 363 4620 gii
375 4524 464 4592 illins
476 4528 569 4594 nuni
579 4523 783 4597 ambratiam
794 4525 925 4598 molitus
937 4527 1057 4620 est,an
1163 4539 1271 4606 uictos
1289 4533 1372 4606 mihi
1383 4557 1498 4606 monus
1509 4523 1607 4607 deret
1619 4533 1765 4624 donique.

303 4627 445 4730 persono
462 4635 653 4730 Rutgrrsto‘,
672 4639 786 4709 bouus
804 4639 973 4723 Reislt'os,
993 4645 1052 4711 nir
1095 4640 1140 4729 (a)
1160 4645 1194 4714 t.
1204 4668 1235 4734 9.
1250 4645 1793 4744 §.nnndieg.Corne1.desolfis.
1869 4725 1881 4743 Α,

310 4757 423 4813 estora
446 4763 510 4813 non
526 4746 698 4830 indonet,
719 4747 815 4838 quast
822 4769 860 4819 rt
872 4749 1056 4848 benegesto,
1098 4751 1149 4844 (b)
1165 4755 1217 4826 De
1229 4751 1437 4827 torostoros
1448 4779 1596 4852 voyages,
1609 4775 1641 4831 tt
1656 4759 1697 4830 de
1709 4760 1907 4851 l’auantago

219 4893 223 4900 ·
311 4875 383 4923 oum
390 4853 669 4948 prolixoepostolo
681 4857 728 4928 od
737 4881 787 4928 nto
800 4860 886 4950 misto
899 4863 973 4956 ipso.
990 4865 1052 4934 Or·
1160 4885 1221 4956 poto
1238 4864 1273 4934 ta
1291 4863 1461 4937 animae
1487 4868 1747 4961 dosa-mtqmrez
1769 4885 1905 4962 prom

169 5035 172 5040 .
258 5053 261 5059 ¹
311 4977 350 5036 ta
361 4959 438 5038 dine
450 4971 541 5040 inm
553 4989 611 5042 nos
623 4973 818 5044 concertatio
833 4971 990 5070 epistolica
996 4971 1055 5066 so·
1162 4973 1389 5068 ooxsrouont,
1404 4975 1510 5051 Tum.
1524 4977 1564 5053 11.
1579 5005 1650 5076 pap
1661 5001 1735 5075 549.
1748 4978 1815 5072 scpq.
