4504 6060
874 486 1268 596 mineus

245 653 536 744 tentiambanc
553 653 747 759 recitasse,
770 653 881 780 idem
898 660 967 764 est,
991 684 1150 746 accam
1170 657 1368 750 refutasse.
1386 645 1891 768 onocentaurorum

235 791 435 878 'veterum
461 788 662 902 catalogo,
689 789 959 879 oblitteranda
985 790 1111 878 client
1130 799 1337 881 nomina:
1367 819 1414 878 ea
1438 809 1599 877 tantum
1621 793 1652 878 si
1675 790 1890 879 admittere

212 1000 217 1008 ,
243 918 439 1008 deberent
467 918 714 1035 geographi,
738 947 845 1036 quae
866 922 978 1036 apud
1001 921 1119 1008 illum
1145 922 1336 1012 historiae
1361 921 1557 1012 naturalis
1581 944 1794 1011 auctorem
1819 950 1889 1012 ocn

244 1055 443 1142 currunt?
473 1049 737 1169 Quidlquod
752 1054 834 1168 ipse
861 1081 1042 1158 rarurvs,
1068 1081 1119 1140 eo
1134 1057 1222 1171 ipso
1239 1054 1405 1162 loco,ad
1426 1081 1552 1168 quem
1570 1051 1744 1142 adduda
1761 1055 1887 1144 verba

244 1212 502 1276 araunvruvs
519 1185 736 1302 adscripsit,
747 1183 999 1274 disertiffime
1016 1186 1638 1293 testatur,acelebrioribusintra
1646 1187 1732 1273 Nili
1743 1186 1887 1275 decur-

243 1322 310 1410 sus
338 1321 517 1436 oppidis,
527 1320 679 1435 septem
702 1318 1067 1408 celeberrimorum
1092 1321 1215 1447 huius
1230 1321 1350 1409 fluvii
1368 1321 1570 1407 ostiorum
1596 1319 1887 1433 appellationes
2034 1356 2048 1453 j

242 1452 512 1544 elieadscitas.
539 1458 751 1561 lamvero,
766 1462 953 1560 nomina,
969 1454 1120 1572 quibus
1138 1459 1239 1547 urbs
1256 1459 1322 1548 illa
1341 1477 1382 1543 et
1399 1453 1502 1541 deus
1518 1451 1770 1569 amphoralis
1783 1485 1891 1546 nun·
2032 1455 2037 1462 ’

247 1609 466 1702 cupautur,
494 1615 628 1701 quum
639 1594 747 1676 inter
761 1591 798 1677 se
815 1588 919 1678 adeo
937 1590 1014 1676 sint
1034 1588 1245 1696 fimilia,ut
1261 1589 1373 1678 nulla
1388 1583 1545 1698 syllaba,
1554 1595 1689 1676 immo
1704 1617 1757 1678 ne
1770 1599 1892 1682 unica

242 1720 412 1837 quidem
447 1723 620 1808 litterula
648 1720 841 1841 differant
861 1754 870 1809 :
908 1751 999 1810 rem
1019 1751 1187 1839 quoque
1209 1753 1338 1812 unam
1361 1719 1617 1837 eandemque
1634 1723 1701 1812 illa
1732 1724 1888 1834 sonare,

240 1879 343 1942 vero
360 1853 417 1940 est
431 1853 556 1964 longe
581 1852 850 1938 simillimum.
877 1857 981 1942 Non
1004 1853 1168 1970 polium
1194 1877 1347 1958 autem,
1368 1858 1484 1969 quin,
1503 1851 1596 1942 data
1615 1855 1692 1948 hac
1711 1859 1888 1944 occasro·

240 2015 306 2092 ne,
323 1992 367 2073 in
388 2011 534 2074 veram
550 1983 662 2070 istius
681 1982 873 2072 dictionis
888 1989 1100 2100 inquiram
1120 1983 1323 2075 scribendi
1339 1990 1566 2086 rationem3
1591 1995 1742 2106 quippe
1758 2015 1887 2102 quam

235 2118 282 2206 in
297 2123 536 2206 criticorum
555 2111 701 2198 scholis
720 2116 1031 2201 controversam
1051 2113 1145 2222 ell’e,
1170 2134 1434 2230 compertum
1454 2109 1596 2200 habeo.
1634 2141 1887 2206 cnursrorrr.

239 2258 353 2360 enim
381 2272 656 2337 cananum
684 2251 756 2354 (t),
785 2245 1040 2354 adfirmanti,
1070 2255 1230 2338 Graece
1255 2248 1371 2336 molli
1391 2248 1540 2343 littera,
1575 2251 1747 2341 κάνωβος,
1776 2255 1887 2336 Lati·

238 2411 292 2472 ne
311 2409 414 2472 vero
429 2383 546 2486 dura,
573 2385 762 2497 Canopus,
794 2379 873 2467 'effe
900 2379 1174 2486 scribendum,
1191 2383 1457 2471 adversantur
1474 2400 1663 2464 veterum
1686 2383 1888 2489 nonnulli,

237 2536 278 2604 et
311 2523 355 2604 in
389 2515 454 2606 his
495 2519 712 2628 praecipue
742 2540 1084 2618 scrinarius,
1130 2519 1382 2624 Byzantinus
1431 2513 1537 2620 (u),
1565 2512 1638 2624 qui
1667 2511 1887 2622 populares

236 2649 352 2755 suos,
378 2666 591 2763 quotquot
618 2673 770 2734 eorum
805 2643 887 2735 hoc
910 2672 1069 2734 nomeu
1102 2673 1176 2763 per
1203 2649 1233 2739 β
1262 2642 1524 2758 scripserunt,
1549 2643 1702 2726 erroris
1734 2650 1885 2756 arguit,
1987 2669 1991 2678 ·

236 2780 480 2869 assensorem
490 2796 634 2862 nactus
649 2777 918 2891 etymologici
941 2785 1084 2890 magni
1110 2779 1438 2893 compilatorem,
1469 2774 1706 2890 sequentem
1724 2781 1889 2890 opinio·

237 2920 304 3005 nis
320 2913 444 3002 huius
460 2914 665 3000 tationem
681 2911 1072 3022 commentum(x):
1104 2923 1264 3004 Κάλητος
1294 2915 1345 3000 lei·
1363 2922 1496 3018 λέγειν,
1521 2922 1558 2997 iv
1585 2917 1755 3006 Κάνωβος·
1777 2921 1892 3020 ἐπειδὴ

235 3055 323 3143 o’ode’v
355 3045 475 3140 irs—r?
498 3057 602 3154 λῆγον
625 3055 710 3160 dale
727 3045 782 3134 dria
798 3052 991 3142 romilde·
1014 3054 1299 3157 rrrtqrtinpo'uerrv
1320 3041 1427 3158 epa]
1453 3049 1526 3147 ἕχει
1549 3050 1591 3130 sd
1616 3049 1719 3142 βῆτα
1732 3055 1889 3160 deerrarit

235 3203 300 3294 riis
333 3189 544 3279 temnitur
568 3192 777 3285 συλλαβῆς,
808 3187 896 3269 ainu’
919 3185 940 3281 ἢ
962 3195 1083 3296 ἕτερον,
1109 3187 1130 3284 »l
1159 3193 1202 3273 ro*
1224 3185 1267 3269 ἆτ’.
1292 3192 1485 3300 Κρότωπος,
1499 3185 1692 3294 ἅνθρωπος·
1715 3198 1802 3269 ‘doru
1830 3195 1889 3273 uui

204 3349 206 3356 ‘
233 3322 405 3415 Krivamr,
426 3317 610 3405 Multum
630 3339 733 3404 vero
756 3309 952 3400 falluntur
965 3312 1022 3400 illi
1045 3313 1318 3416 litteratorem
1351 3312 1552 3430 siquidem
1563 3335 1720 3397 vocum
1743 3308 1887 3399 ortho-

235 3447 408 3567 graphia
447 3467 647 3537 nontam
679 3445 984 3550 ratiocinando,
1010 3466 1082 3534 aut
1116 3446 1318 3561 exemplis
1354 3445 1576 3563 probatur,
1603 3469 1731 3559 quam
1751 3450 1892 3558 potius

236 3581 467 3674 earundem
492 3581 707 3670 diiudicari
726 3575 845 3664 debet
861 3583 1034 3690 origine.
1091 3578 1218 3686 Qod
1242 3607 1375 3693 quum
1404 3606 1531 3666 nemo
1547 3581 1742 3664 omnium
1768 3605 1892 3695 queat

236 3714 389 3806 infitias
417 3721 499 3818 ire3
529 3736 665 3830 atque,
692 3708 797 3796 istud
819 3710 1071 3796 vocabulum
1092 3735 1144 3796 ex
1174 3721 1303 3790 KAHI
1332 3733 1373 3799 et
1400 3719 1589 3820 NNOTB
1620 3707 1699 3796 else
1716 3738 1892 3827 compo.

236 3839 373 3942 situm,
404 3835 523 3951 supra
553 3841 821 3925 evicerimus:
855 3833 1072 3926 clariss'rme
1107 3844 1192 3924 iam
1225 3857 1421 3953 apparet,
1449 3832 1649 3922 scribendi
1672 3843 1891 3948 rationem,

237 3968 290 4056 ab
323 3971 580 4084 Etymologo
619 3967 888 4074 damnatam,
920 3981 1065 4059 veram
1104 3969 1182 4058 else
1199 3972 1508 4081 genuinamque
1522 3992 1535 4065 ;
1580 3965 1695 4051 sicuti
1722 3992 1891 4087 quoque

237 4129 330 4190 eam
359 4100 634 4216 comprobare
652 4101 817 4190 videtur
841 4124 1291 4202 erucrrcrnuvs
1319 4101 1399 4208 (y).
1428 4092 1572 4185 Scribit
1598 4103 1734 4186 culm:
1759 4104 1893 4192 Cicero
1963 4121 1968 4128 “

235 4238 537 4351 Canopitarum
563 4236 779 4324 exercitum
800 4231 911 4341 dicit,
935 4231 1007 4352 ipſs
1034 4235 1265 4346 (Aegyptii)
1297 4226 1505 4330 Canobon
1531 4251 1684 4320 vocant.
1740 4231 1797 4320 Vt
1821 4263 1893 4321 au·

984 4369 1022 4452 O
1809 4386 1896 4456 tem

257 4578 1897 4630 fflffln-——u—--z-“mQ-m

235 4711 276 4797 (t)
305 4712 453 4782 Notitiae
472 4712 561 4780 orbis
603 4719 733 4806 antiqui
758 4711 840 4783 Part.
856 4712 911 4782 lll.
927 4711 999 4804 pag.
1017 4736 1059 4806 ¹5·
1107 4718 1156 4806 (y)
1174 4695 1413 4804 Institutionum
1432 4715 1654 4786 oratoriarum
1670 4707 1729 4782 lili
1739 4711 1762 4783 1.
1784 4736 1852 4805 cap.
1866 4736 1897 4806 ς.·

244 4819 295 4905 (ιι)
319 4821 369 4890 Da
391 4821 537 4903 urbibus,
561 4823 719 4892 vocabulo
734 4829 862 4893 Koiranos.
932 4855 938 4863 ·
1169 4846 1241 4916 pag.
1266 4845 1315 4914 54.

240 4929 290 5010 (x)
318 4926 413 4998 Voce
440 4935 483 4997 κά
485 4962 569 4998 iiiiii
