4500 6058
871 545 875 552 ’
920 569 925 578 “
970 561 1009 650 ‚⁸
1162 567 1192 661 i.
1565 625 1569 634 ·

230 843 233 848 Δ
273 719 344 822 ld'c
356 691 659 844 supellectilem,
687 722 885 830 utensilia,
912 562 1192 846 {atzabim
1217 561 1487 846 {sandapila
1506 728 1721 846 separatim
1737 667 1930 842 deporta,

132 943 135 950 ,
272 864 426 974 partim
448 885 625 973 corpore
642 858 728 976 ipso
751 857 903 948 inclusa
919 885 1047 968 erant,
1071 858 1242 977 planum
1262 860 1457 978 lecerunt.
1513 859 1579 952 Ad
1604 859 1781 960 alterum
1810 887 1928 952 netu·
2080 891 2086 902 ·

273 1014 327 1106 pe
351 985 508 1080 funeris
528 989 652 1080 huius
673 989 867 1086 medicati
894 993 1000 1082 latus
1024 993 1217 1084 icuncula
1243 983 1509 1102 cernebatur,
1535 998 1565 1084 st
1593 998 1928 1085 rcetomamini

272 1149 390 1229 mus,
428 1150 583 1230 aurea,
614 1147 796 1242 quatuor
828 1125 1024 1244 pollicum
1052 1124 1332 1241 longitudinm
1363 1128 1442 1218 illis
1461 1155 1549 1218 non
1575 1126 1796 1232 dissimilis,
1824 1151 1929 1244 quas
2078 1237 2087 1246 ἱ

271 1279 422 1344 aava
458 1265 699 1348 seorsus
738 1263 821 1366 (m)
848 1257 1025 1374 explicat
1055 1260 1265 1375 figillaque
1295 1259 1650 1377 appellandaseffe
1668 1259 1804 1350 censet
1824 1281 1925 1375 pro·

257 1387 511 1504 ‚phylactica
535 1389 767 1497 ostendens,
785 1389 1015 1482 istiusmodi
1032 1397 1236 1510 imagines
1249 1397 1477 1513 Aegi-pnes
1495 1399 1691 1512 antiquos
1708 1389 1817 1480 collo
1834 1385 1927 1478 bra·
2107 1411 2118 1426 ²

269 1520 455 1641 chiisque
476 1525 660 1641 alligatas
674 1522 852 1644 gestasse,
879 1545 1008 1646 atque,
1024 1533 1148 1615 etiam
1167 1525 1384 1620 luneribus
1400 1525 1640 1629 adiunxisse,
1663 1524 1799 1644 quod,
1826 1547 1928 1610 con·

269 1673 336 1788 tra
357 1657 565 1748 malorum
590 1683 766 1750 eventus
804 1657 959 1764 valere,
984 1657 1058 1746 libi
1079 1655 1361 1776 persuaserint.
1407 1669 1533 1764 ¹iuxta
1556 1659 1665 1750 hanc
1688 1651 1926 1746 icuoculam

268 1791 428 1930 iacebat
449 1795 675 1902 numisma,
702 1791 829 1911 quod,
856 1790 1190 1884 sollertiartificis
1213 1821 1362 1902 manu,
1390 1823 1519 1916 quam
1547 1786 1847 1892 accuratissime
1880 1789 1925 1872 iu
2042 1829 2046 1840 ·

267 1957 340 2022 aes
363 1931 558 2045 incisam,
580 1927 1092 2020 huiuscommentationis
1115 1929 1418 2048 frontispicium
1432 1951 1618 2034 exornat,
1640 1951 1766 2046 atque
1793 1929 1838 2010 io
1869 1915 1926 2006 se·

267 2063 493 2184 quentibus
512 2062 720 2178 copiofius
746 2057 1056 2177 explicabimus.
1112 2063 1227 2153 Hinc
1251 2065 1408 2156 Arabes
1431 2070 1476 2154 in
1500 2064 1613 2184 spem
1640 2057 1831 2161 adducti,
1860 2047 1925 2138 io·

268 2225 329 2333 re,
349 2219 397 2290 ut
407 2198 626 2320 complura
642 2195 758 2285 istius
782 2200 948 2310 generis
973 2197 1135 2286 cimelia
1163 2198 1297 2314 ipsum
1323 2199 1476 2290 condat
1502 2197 1701 2298 cadaver,
1727 2183 1925 2288 fasciolas,

269 2332 436 2452 quibus,
462 2357 584 2420 more
607 2329 739 2433 solito,
764 2351 853 2416 erat
872 2329 1155 2436 constrictum,
1180 2355 1422 2437 removent,
1451 2335 1584 2451 iisque
1605 2321 1791 2426 remotis,
1814 2346 1838 2408 e
1861 2341 1925 2404 rc·

267 2474 396 2586 gione
430 2463 685 2568 ventriculi,
716 2487 912 2580 papyro,
959 2465 1147 2553 inaurata
1177 2471 1388 2584 variisque
1425 2465 1570 2556 limeris
1599 2449 1923 2574 hieroglyphicis

260 2619 491 2708 exornata,
526 2597 760 2688 involutam
785 2601 998 2714 reperiunt
1024 2623 1241 2714 gemmam
1269 2625 1363 2690 eam
1393 2596 1548 2718 ipsam,
1588 2595 1640 2686 de
1656 2617 1741 2711 qua
1762 2593 1809 2678 in
1835 2579 1924 2692 fine

267 2733 392 2826 buius
436 2731 559 2822 libelli
599 2727 769 2820 uberim
802 2727 1018 2820 differendi
1063 2729 1309 2824 habebimus
1347 2731 1502 2826 locum.
1612 2733 1743 2820 Hisce
1784 2715 1923 2838 spoliis

268 2869 407 2960 onusti
428 2862 584 2953 Arabes
604 2869 650 2950 in
673 2863 809 2951 lucem
831 2864 1058 2977 prodeunt,
1081 2887 1206 2985 atque
1227 2875 1397 2960 auream
1419 2863 1756 2986 imagunculam,
1778 2852 1920 2944 nescio

261 3011 353 3110 cui,
379 2999 588 3102 vendont3
611 3023 718 3116 quae
734 2996 846 3090 ,adeo
860 2999 1052 3112 perinde,
1076 3028 1126 3089 ac
1150 3029 1351 3118 papyrus,
1375 3003 1506 3094 modo
1530 3015 1780 3108 memorata,
1815 3007 1922 3106 quoa

266 3165 367 3232 nam
401 3138 662 3253 pervenerit,
685 3134 916 3246 ignoratur.
969 3137 1177 3223 Mumiam
1193 3160 1296 3223 vero
1318 3139 1447 3252 ipsam
1475 3140 1645 3228 nonita
1662 3124 1797 3220 multo
1816 3113 1923 3238 post,

267 3291 486 3366 numerata
504 3270 693 3384 pecunia,
719 3262 834 3351 suam
851 3261 947 3353 fecit
968 3269 1036 3356 vir
1057 3267 1353 3384 gentilitiorum
1377 3274 1612 3386 imaginum
1631 3256 1845 3382 splendore
1859 3249 1922 3374 dij

266 3407 506 3524 gnitateque
524 3391 833 3500 illustrissimus,
860 3402 954 3512 qui,
972 3397 1065 3488 licet
1084 3393 1335 3510 Minervam,
1358 3427 1447 3492 non
1463 3424 1511 3492 ut
1527 3401 1649 3492 deam
1664 3396 1923 3512 optimarum

267 3545 435 3666 artium,
459 3533 528 3622 sed
553 3553 601 3620 ut
625 3529 718 3618 belli
742 3529 975 3644 praesidem.
990 3535 1118 3640 colat,
1147 3557 1289 3626 tmnen
1320 3535 1500 3627 discendi
1522 3555 1563 3624 et
1594 3527 1779 3620 eruditae
1815 3520 1922 3610 anti·

154 3695 159 3704 '
266 3665 436 3796 quitatis
460 3671 610 3759 rudera
633 3661 789 3757 uisendi
816 3663 965 3756 ardore
987 3667 1261 3776 nobiliffimo,
1287 3694 1329 3762 et
1344 3667 1676 3790 nunquamsatis
1699 3653 1924 3754 laudando,

267 3821 474 3914 incitatus,
501 3819 686 3896 remotas
707 3809 832 3892 etiam
856 3807 1050 3916 regiones
1071 3801 1340 3918 perlustrabat
1364 3826 1489 3922 atque
1520 3797 1621 3890 tunc
1651 3804 1695 3886 in
1725 3796 1922 3908 Aegypto

266 3941 620 4045 commorabatur.
676 3939 834 4042 Soluto,
863 3935 977 4053 quod
994 3961 1071 4052 pro
1096 3941 1257 4026 Mumia
1280 3932 1587 4026 numerandum
1613 3950 1713 4036 erat,
1733 3938 1924 4040 argentos
2018 4043 2020 4048 Ι

268 4061 420 4177 itemm
455 4075 627 4164 aderant
658 4067 817 4158 Arabes
852 4092 976 4187 atque
1004 4097 1164 4158 venum
1200 4063 1433 4176 offerebant
1460 4065 1690 4168 numisma,
1713 4085 1798 4149 una
1821 4049 1922 4145 cum
1957 4067 1960 4072 ’

268 4241 461 4337 gemma:
491 4233 597 4328 quae
624 4203 785 4322 cimdia
807 4203 1011 4293 redimere
1043 4230 1094 4290 eo
1126 4207 1267 4291 minus
1289 4199 1501 4312 dubitabat
1534 4205 1603 4288 vir
1619 4197 1686 4286 ille
1709 4181 1939 4306 illustrlffis

268 4371 378 4449 mus,
393 4369 480 4463 quo
501 4345 637 4458 magis
659 4335 868 4428 lrucntosa
891 4365 939 4428 ea
967 4334 1058 4425 fore
1081 4331 1249 4426 videbat
1269 4319 1412 4426 litteris
1436 4329 1750 4448 amplificandis.
1803 4322 1921 4414 Idem

268 4480 513 4572 exorientis
537 4470 890 4593 partibusredux,
907 4497 1019 4560 anno
1043 4468 1193 4560 abhinc
1210 4463 1418 4577 tertio,'ad
1452 4461 1816 4586 splendidiffimam
1847 4485 1922 4550 au·

269 4617 355 4710 lam
374 4605 1373 4730 Guelpbicamquumacccderet,suaun1ss1uun
1399 4631 1460 4696 ac
1489 4623 1770 4694 marsum
1794 4619 1924 4686 emu-

276 4885 935 4918 *βιοῦ-,μμ
1759 4869 1921 4894 Μ

271 4937 336 5028 lm)
352 4935 509 5033 Thrfituri
528 4915 811 5030 trudenturgnl
826 4927 902 5002 vat
923 4873 1822 5028 lmmpag.
1844 4923 1920 5004 487.

158 5057 161 5064 ’
297 5069 300 5078 ’
335 5047 467 5142 aopsq.
499 5043 599 5126 Confi
621 5065 783 5122 aranu.
818 5061 1053 5118 exacuatur
1175 5043 1251 5139 sqq,

1852 4739 1954 4818 σει·
2050 4831 2093 4856 ¹·
