4504 6060
855 527 1254 634 diserta·

227 703 407 796 affirmat
433 699 652 826 antiquitas'
677 689 782 818 (yle
810 725 859 798 ut
885 709 1033 798 scilicet
1055 704 1347 826 possellionum
1370 693 1584 812 terminos,
1599 712 1725 800 undis
1749 713 1871 801 Nilo·

227 839 319 923 ticis
341 835 561 936 confusos,
589 840 812 928 restaurare
836 839 990 957 posset:
1020 842 1075 927 fic
1098 847 1243 944 etiam,
1268 847 1364 955 quia
1401 845 1592 958 Aegyptii
1615 849 1794 957 navigiis
1816 841 1887 931 ad'

226 987 384 1056 tantam
432 993 635 1082 aquarum
673 976 835 1084 copiam
876 971 1147 1086 superandam
1172 971 1242 1060 diu
1288 1000 1426 1060 carere
1459 978 1763 1089 nequiverunt,
1796 996 1870 1057 eos

225 1117 356 1186 artem
381 1101 549 1214 quoque
563 1101 806 1215 excogitasse
824 1103 1059 1217 navigandi,
1087 1102 1354 1219 eandemque,
1370 1103 1547 1192 successu
1564 1107 1777 1216 temporie,
1799 1123 1870 1200 ex·

224 1224 402 1331 coluisse,
429 1225 564 1314 licebit
579 1229 798 1342 suspicari3
833 1255 1089 1346 quamquam
1112 1227 1221 1320 haud
1248 1237 1585 1336 meminerimus,
1612 1256 1713 1334 nos,
1731 1234 1774 1314 in
1799 1227 1873 1312 oro'

225 1353 288 1446 bis
305 1363 463 1473 antiqui
486 1367 782 1466 monumentis,
792 1367 1018 1476 quicquam
1032 1360 1107 1450 hac
1124 1364 1175 1450 de
1186 1392 1231 1450 re
1247 1362 1384 1476 legisse
1400 1368 1629 1449 memoriae
1644 1359 1869 1476 proditum.

225 1490 350 1599 Qod
370 1492 401 1576 fi
418 1510 555 1578 autem
576 1489 653 1580 hac
676 1491 910 1582 coniectura
930 1491 1096 1582 assecuti
1123 1497 1264 1582 sumus
1287 1500 1524 1583 veritatem:
1561 1521 1648 1581 non
1673 1497 1770 1597 erit,
1794 1481 1871 1575 cur

223 1625 402 1738 amplius
419 1625 797 1738 circumspiciamus
811 1624 1003 1731 caullim,
1031 1652 1160 1744 quare
1179 1655 1308 1716 vanae
1326 1627 1537 1740 religionis
1555 1627 1769 1714 sectatores
1779 1616 1872 1708 llidi
1988 1621 1990 1627 '

224 1781 302 1870 pro
318 1751 505 1864 symbolo
518 1751 706 1841 dederint
714 1752 940 1868 navigium.
957 1761 1139 1873 Apparet
1162 1763 1288 1863 enim,
1303 1785 1355 1843 eo
1373 1757 1488 1844 fuisse
1504 1758 1753 1871 insignitam,
1769 1751 1819 1839 ¹ut
1830 1768 1872 1835 et

225 1886 356 1999 gloria
381 1887 646 1986 inventioniS,
657 1881 791 1970 debita
809 1889 1037 2000 Aegyptiis,
1055 1905 1096 1971 et
1111 1886 1253 2002 populi
1271 1885 1456 1974 eiusdem
1477 1874 1520 1972 ln
1540 1913 1585 1972 re
1602 1882 1739 1970 navali
1757 1901 1874 1966 exer·
1895 1923 1897 1928 ·

226 2025 362 2112 citatio
380 2012 661 2104 celebraretur.
678 2015 907 2128 Comparet
930 2013 1031 2104 illud
1060 2017 1171 2104 isidis
1197 2025 1445 2133 navigium,
1470 2017 1607 2135 quod,
1636 2006 1875 2102 solemniori

226 2175 267 2240 et
282 2147 486 2260 hodieque
503 2143 613 2258 apud
621 2147 811 2257 Coptitas
829 2148 974 2233 uitato
990 2145 1194 2234 vombulo
1208 2157 1283 2258 (z),
1299 2151 1427 2252 ficuri,
1445 2167 1608 2261 praeter
1635 2171 1738 2231 neu
1749 2167 1775 2228 o
1787 2165 1874 2224 no·

225 2308 344 2374 rum
367 2283 438 2385 (a),
464 2296 742 2361 uronouvs
766 2279 914 2374 etiam,
947 2275 1109 2364 Siculus
1135 2272 1217 2387 (b),
1240 2275 1450 2382 observat,
1491 2279 1745 2391 Aegyptiace
1766 2270 1873 2360 dice·

225 2415 347 2504 batur
373 2407 500 2509 Baris,
524 2411 568 2490 in
585 2407 815 2492 Domitiani
830 2411 934 2522 imp.
953 2406 1136 2511 denario,
1165 2413 1291 2496 variis
1315 2428 1356 2494 et
1374 2403 1473 2496 huic
1493 2407 1595 2524 deae
1613 2411 1791 2524 propriis
1805 2427 1874 2487 or·

225 2545 434 2634 namentis
458 2535 692 2648 conspicuo,
708 2557 830 2650 atque
854 2533 907 2624 ab
936 2563 1104 2626 venre.
1139 2563 1447 2642 onarcuro,
1476 2539 1673 2653 peculiari
1694 2533 1875 2624 disserta-

225 2681 339 2762 tione
369 2679 430 2776 (ε)
461 2665 675 2778 epistolari,
704 2665 910 2754 illustrato.
948 2671 1014 2774 Et,
1065 2673 1110 2757 in
1142 2697 1299 2786 pompa
1330 2665 1464 2776 iliaca,
1486 2697 1511 2756 a
1533 2666 1739 2757 sacerdote
1776 2689 1874 2778 por·

227 2825 359 2892 tatum
394 2793 580 2910 perhibet
616 2817 827 2880 navarrus
865 2797 942 2901 (d),
966 2825 1130 2884 aureum
1160 2801 1371 2907 cymbium,
1408 2805 1451 2889 in
1493 2803 1616 2889 medio
1641 2799 1708 2916 firi
1733 2815 1876 2912 patore

217 2923 463 3054 flammulam
481 2921 665 3040 suscitans
673 2919 894 3036 largiorem.
910 2929 960 3010 ln
984 2929 1277 3013 Romanorum
1301 2955 1469 3045 quoque
1479 2929 1610 3044 fhflis,
1635 2931 1752 3015 srcuti
1788 2951 1876 3012 rn-

212 3057 507 3154 'crnurrvs
558 3061 618 3160 (e)
657 3071 887 3157 memorat,
912 3075 1044 3143 certus
1064 3056 1150 3144 dies
1171 3055 1406 3165 habebatur,
1431 3086 1505 3174 quo
1529 3055 1636 3178 lssdr's
1659 3051 1893 3145 celebrabo-¹

229 3216 298 3283 tur
312 3191 525 3306 navigium.
582 3181 731 3291 Qidt
765 3183 886 3298 quod
905 3184 1055 3298 priscae
1094 3191 1346 3277 Germaniae
1371 3187 1651 3276 habitatorum
1690 3184 1876 3302 quidam,

230 3327 354 3414 Suevi
386 3343 564 3430 nempe,
594 3312 706 3400 liidis
729 3309 891 3428 sgnum,
920 3319 964 3403 in
987 3317 1140 3406 modum
1163 3318 1344 3409 liburnae
1363 3320 1591 3436 figuratum,
1624 3315 1878 3405 adoraruntt

229 3456 306 3542 nist
327 3445 562 3540 rnorrvs
591 3439 668 3550 (f),
699 3471 825 3556 quem
852 3444 1063 3560 sequimur
1085 3473 1328 3557 auctorem,
1354 3475 1425 3555 et,
1454 3458 1558 3566 qui,
1582 3448 1720 3534 nostra
1742 3446 1894 3560 opini·'·

231 3613 344 3691 one,
372 3581 474 3669 dum
497 3581 707 3665 maiorum
734 3575 972 3663 nostrorum
994 3577 1220 3670 describere
1242 3583 1374 3672 videri
1402 3584 1494 3668 vult
1520 3583 1721 3683 instituta,
1743 3598 1878 3694 popu·

230 3722 335 3809 lares
352 3718 446 3804 suos
460 3711 657 3824 urbisque
672 3715 788 3817 vitia,
806 3709 877 3799 sed·
890 3730 1013 3813 tecte,
1036 3711 1321 3828 reprehendit,
1348 3711 1422 3803 sub
1440 3717 1675 3804 Suevorum
1692 3715 1879 3811 nomine,

1780 3843 1878 3924 'Ro-

232 4077 428 4113 *ι’-κ
441 4077 1872 4108 *m--ssffl--ffl-*m
1886 4107 1890 4116 Ι

230 4206 280 4296 ty)
300 4201 386 4272 Loca
396 4199 590 4290 scriptorum
607 4201 726 4270 indicat
751 4219 897 4271 aaaron.
922 4221 1030 4269 runs.
1073 4203 1119 4286 (c)
1140 4197 1248 4268 Exstat
1271 4197 1356 4268 inter
1385 4198 1455 4268 eiua
1478 4193 1695 4274 Arudtnrt'ca,
1714 4195 1752 4263 in
1776 4209 1877 4264 unum

298 4331 350 4380 nr
365 4329 654 4388 ntnarovrau,
680 4307 907 4396 iuonomastico
919 4329 1034 4382 rtrum
1140 4305 1288 4376 volumen
1303 4307 1448 4388 collecta,
1467 4329 1538 4398 pag
1552 4325 1622 4395 459.
1638 4299 1707 4393 sqq.

294 4416 513 4496 inventarum,
528 4433 600 4504 pag.
624 4433 680 4498 30.
1080 4413 1130 4500 (d)
1145 4405 1392 4506 Metamorpbafi
1404 4413 1458 4482 lib.
1476 4413 1529 4482 xl.
1545 4434 1619 4500 pag.
1636 4411 1709 4488 681·

232 4523 278 4596 (a)
298 4511 380 4581 Vide
400 4540 630 4586 Μυκη.
656 4537 854 4586 uracarnr
884 4517 1048 4614 lingum
1072 4521 1121 4608 (el
1141 4522 1342 4592 Divinarum
1361 4518 1605 4609 institutionum
1635 4511 1689 4586 lib.
1704 4511 1822 4602 iem
1835 4533 1888 4581 tr..

297 4619 530 4710 Aegyptiarum
543 4623 740 4712 restitutum,
756 4647 829 4714 pag.
849 4643 910 4713 133.
1149 4629 1177 4716 §.
1204 4651 1246 4698 21.

233 4731 278 4802 (a)
302 4724 338 4792 ln
354 4728 500 4824 diuerpe,
515 4731 592 4821 Cap.
609 4731 725 4806 xcvi.
1088 4733 1135 4818 (fr
1155 4737 1207 4809 Du
1219 4739 1360 4810 moribus
1374 4739 1619 4822 Germanorum,
1631 4731 1712 4826 ΟΨ·
1726 4727 1833 4804 νῙῙῙῙ·

148 4898 153 4906 ,
233 4825 285 4916 (b)
300 4833 515 4913 Bibliothecae
535 4839 701 4932 bennun
715 4839 771 4914 lib.
792 4843 819 4916 1.
831 4866 903 4938 pap
919 4853 974 4935 87,
1261 4871 1265 4878 ’
1362 4827 1367 4834 ’
