4500 6058
345 599 349 606 ,
960 451 1176 572 uns
1222 463 1337 570 (ε

227 634 229 640 ’
284 629 303 744 ,’
321 635 418 748 quis
442 636 598 748 'gazam
636 623 752 726 suam
786 653 941 724 oneret.
997 638 1045 724 In
1073 632 1235 731 horum,
1261 635 1400 750 itaque
1440 628 1701 738 sententiam,
1725 649 1853 748 quam
1878 637 1977 741 pror·

323 767 390 852 cul
405 765 533 855 dubio
552 767 704 872 ferent,
731 769 869 886 paullo
888 774 1118 858 accuratius
1138 773 1359 884 inquirere,
1380 787 1504 881 atque
1521 762 1740 883 plumbeae
1769 779 1976 862 monetae,

323 897 432 1014 apud
460 923 631 1006 veteres,
659 901 780 989 usum
799 897 1064 1008 confirmare,
1091 901 1280 988 nostrum
1297 905 1378 988 erit
1399 897 1603 1006 officium,
1629 920 1677 987 ut
1700 901 1823 986 numi
1847 888 1977 981 nostri

323 1033 502 1145 dignitas
529 1035 629 1122 sarta
657 1053 763 1122 tecta
792 1037 1069 1155 conservetur
1125 1031 1545 1148 Qemadmodum
1532 1035 1672 1122 millo
1704 1040 1803 1122 artis
1836 1027 1978 1117 numi·

322 1165 512 1253 imaticae
539 1171 689 1283 capite,
725 1165 842 1283 quod
874 1167 925 1255 de
955 1169 1185 1284 priscorum
1216 1162 1442 1254 hominum
1483 1187 1655 1257 moneta
1684 1164 1882 1284 plumbea
1905 1185 1978 1248 ex·

322 1303 465 1412 ponit,
489 1299 589 1390 nihil
615 1299 747 1388 ferme
785 1304 988 1403 occurrit,
1015 1306 1118 1426 quin
1140 1319 1340 1388 vocaturn
1371 1301 1463 1387 fit
1451 1328 1497 1388 m
1532 1303 1878 1390 controversram.
1919 1297 1977 1392 ita

234 1431 237 1444 '
324 1457 493 1548 quoque
516 1463 617 1522 cum
639 1433 738 1520 olim
771 1461 859 1522 non
878 1431 1118 1540 defuerunt,
1149 1453 1241 1519 tum
1273 1439 1428 1540 etiam,
1471 1431 1549 1532 hac
1578 1437 1716 1525 nostra
1749 1431 1978 1534 aetate,uti

321 1571 426 1671 scio,
452 1574 715 1683 reperiuntur
736 1576 816 1658 viri
837 1573 970 1672 docti,
1000 1576 1097 1686 qui,
1129 1564 1350 1685 plumbeos
1375 1595 1551 1676 numos,
1580 1585 1789 1686 quotquot
1812 1591 1976 1668 eorum,

322 1707 368 1787 in
393 1701 708 1806 cimeliarchiis,
745 1703 892 1817 paffim
921 1701 1217 1808 ostenduntur,
1262 1721 1311 1791 ut
1351 1701 1570 1818 improbos
1610 1725 1734 1820 atque
1758 1728 1782 1787 a
1810 1699 1978 1787 lulsariis
2074 1698 2086 1718 i

267 1857 271 1864 ’
323 1832 574 1949 suppofitos,
606 1837 797 1942 reiicere,
828 1835 929 1924 nulli
972 1833 1243 1939 dubitarunt,
1273 1861 1352 1922 nec
1376 1833 1576 1928 dubitant.
1668 1830 1875 1926 Profeilus
1907 1828 1982 1936 est,

321 1971 534 2055 maiorum
554 1970 782 2076 memoria,
805 1973 913 2056 inter
930 1973 986 2054 ita
1003 1967 1220 2056 sentientes
1238 1992 1395 2054 nomen
1421 1966 1541 2053 suum
1586 1968 1689 2052 iuris
1714 1973 1870 2080 peritus
1887 1986 1978 2050 non

321 2096 559 2203 incelebris,
601 2123 793 2190 eunuc.
836 2125 1221 2188 noronnuuvs
1257 2102 1329 2212 (s).
1384 2097 1625 2212 Adstipulati
1661 2097 1809 2187 iisdem
1864 2101 1977 2204 sunt,

321 2253 483 2350 praeter
498 2231 621 2336 alios,
646 2259 749 2322 rou.
775 2259 1007 2322 smnrtvs
1033 2232 1102 2346 (t),
1125 2256 1272 2320 nvnc.
1296 2255 1588 2320 corruens.
1614 2249 1877 2322 sruvvrv‘s
1904 2235 1995 2343 (u),

322 2389 364 2454 et
393 2370 585 2480 inprimis
625 2393 731 2453 ron.
769 2391 1044 2470 uersutus,
1096 2391 1215 2482 quo,
1260 2365 1409 2454 eruditi
1434 2363 1695 2478 Guelferbyti
1721 2390 1976 2484 omamentp

321 2497 536 2616 quondam
562 2503 754 2615 egregio,
789 2503 864 2616 qui
888 2501 1048 2616 maimo
1073 2501 1341 2586 contentione
1362 2497 1524 2613 plumbi
1548 2506 1701 2592 veteris
1726 2502 1978 2618 probitatem

266 2703 269 2710 .
321 2640 651 2750 impugnaverit,
687 2638 792 2724 novi
816 2632 937 2748 plane
969 2634 1197 2721 nerninem.
1280 2637 1427 2742 Qum
1453 2638 1587 2740 enim,
1611 2657 1708 2724 ante
1733 2635 1813 2726 hos
1840 2667 1978 2730 annos

321 2769 594 2886 quadraginta
614 2773 711 2876 tres,
726 2767 800 2858 sub
815 2767 1034 2886 personato
1061 2793 1191 2857 rnur
1219 2781 1513 2857 uvrcrusrr
1543 2775 1730 2876 nomine,
1743 2772 1898 2862 bellurn
1913 2779 1977 2865 in·

321 2904 448 2991 ferret
471 2911 536 3012 (x)
564 2928 670 2990 rou.
703 2927 862 3014 nuum
889 2927 1270 3004 toennensem
1305 2905 1507 3019 quoniam
1531 2898 1601 2991 hic
1643 2909 1742 3021 reip.
1776 2911 1976 2998 Bremen-

318 3038 393 3143 fis,
409 3055 636 3139 urvoeant,
659 3033 915 3140 secretarius,
933 3034 1168 3122 Antinoum
1194 3033 1326 3124 Musei
1356 3031 1585 3121 Molaniani
1611 3034 1879 3150 plumbeum,
1894 3043 1978 3153 vel,

318 3169 433 3287 quod
450 3167 519 3260 hic
536 3165 733 3273 malebat,
762 3165 1003 3282 stagneum,
1032 3169 1152 3254 cuius
1177 3165 1298 3281 plane
1329 3163 1470 3280 paullo
1492 3185 1588 3256 ante
1609 3171 1832 3264 iniecimus
1857 3205 1976 3270 men·

318 3315 489 3410 tionem,
500 3308 705 3419 genuinae
728 3323 851 3417 atque
868 3294 1162 3387 indubitandae
1177 3301 1429 3414 antiquitatis
1450 3296 1551 3401 eise,
1578 3298 1883 3416 affirmaverat3
1911 3322 1977 3428 (y)

319 3439 402 3554 ipse
436 3464 539 3526 vero
580 3437 722 3552 pulcre
750 3433 1016 3550 intelligeret,
1049 3457 1140 3520 non
1165 3431 1279 3551 polle
1315 3436 1468 3520 rectius
1502 3437 1681 3524 conielli
1712 3468 1977 3540 noenum

321 3599 485 3670 otuu,
510 3597 638 3686 quarn
662 3569 693 3656 fi
718 3565 887 3654 daretur
912 3563 1158 3682 probatum,
1182 3563 1381 3681 quicquid
1419 3566 1581 3681 plumbi
1604 3570 1819 3692 stagnique
1842 3581 1975 3700 ligna.

320 3701 382 3820 ti,
414 3705 493 3796 hac
523 3701 790 3820 tempestate,
827 3699 1122 3790 circumfertur
1154 3699 1234 3788 else
1279 3696 1539 3818 reprobum:
1594 3705 1794 3800 omuibus
1827 3709 1976 3827 ferme,
2077 3729 2090 3745 ‘

317 4159 362 4248 (ς)
382 4137 778 4246 Antiquitatum.
792 4143 847 4216 lib.
856 4143 1053 4216 illicitam
1072 4166 1126 4215 ιο.
1234 4149 1321 4218 tinn
1340 4148 1387 4218 ad
1402 4153 1514 4220 virum
1534 4149 1671 4244 nobiliffi
1679 4153 1743 4227 lob.
1758 4157 1861 4230 Hent.
1877 4163 1979 4262 ΒΨ

386 4281 563 4346 nummo,
583 4281 656 4352 pag.
671 4272 702 4344 3.
717 4256 819 4328 libelli
832 4275 913 4324 mox
925 4257 1129 4328 nominandi.
1236 4257 1377 4354 lingium
1397 4258 1548 4352 epistola,
1567 4277 1600 4332 et
1618 4259 1696 4334 haec
1712 4268 1842 4360 quidem
1860 4277 1976 4346 epar

318 4363 362 4460 (t)
388 4371 426 4440 In
434 4369 700 4460 Antiquitatibus
711 4363 984 4458 cenomanensibus,
995 4385 1129 4454 Pii-¹7¹·
1235 4361 1323 4456 naffo
1351 4384 1416 4458 per
1444 4365 1578 4460 scribat
1610 4379 1802 4466 nuntiosque
1821 4379 1975 4471 publicos

319 4477 372 4568 (u)
389 4477 605 4551 Bibliothecae
616 4465 803 4572 numistnat'.
813 4476 992 4565 antiquior.
1000 4492 1070 4562 cap.
1071 4471 1128 4546 Ill.
1236 4475 1486 4550 MDCXCVIH.
1507 4495 1650 4551 exarm
1670 4483 1885 4582 Brentanqua
1895 4509 1976 4586 per.

385 4611 459 4680 pag.
476 4591 541 4678 136.
1156 4584 1315 4656 fflata
1328 4585 1393 4660 ne
1410 4591 1499 4680 1⁶99
1514 4610 1543 4678 4
1558 4591 1666 4682 pugg.
1680 4611 1709 4662 n

319 4697 373 4791 (x)
389 4695 517 4787 integer
542 4695 649 4788 scripti
672 4691 770 4764 huius
794 4691 910 4790 erissici
934 4691 1042 4762 titulus
1059 4689 1129 4762 eli:
1170 4689 1222 4783 (y)
1239 4691 1279 4762 ln
1296 4693 1432 4786 Epistola
1453 4697 1499 4767 ad
1519 4695 1757 4788 illustrifflnnum
1775 4703 1976 4790 masta„

388 4797 1046 4898 rnurnvnonntndeorbestagneo‚
1065 4817 1127 4872 aur
1232 4803 1976 4912 Abbntrmderrbrstagnulntlmilitema
2119 4807 2123 4814 ’

386 4937 483 4990 nmo
488 4919 604 5009 potrus
615 4911 825 4993 adulemur
844 4907 907 5004 len
919 4909 1130 5003 reprobam·
1238 4907 1367 5004 169n4
