4504 6060
855 519 906 625 gr·
954 535 973 623 >
1023 535 1150 622 nt(
1203 525 1266 622 ie

249 689 364 788 simis
414 685 701 808 temporibus,
747 713 850 784 vero
892 688 949 774 est
1002 687 1129 803 longe
1172 679 1443 771 simillimum.
1521 687 1580 771 ita
1624 683 1737 770 enim
1772 702 1893 767 more

252 851 456 929 veterum,
483 844 630 908 eorum
659 827 859 938 inprimis,
892 822 964 936 qni
989 815 1118 904 solem
1151 814 1385 930 spectabant
1415 818 1638 916 orientem,
1667 813 1746 900 luit
1778 837 1894 902 com·

251 981 455 1070 paratum,
472 976 518 1041 ut
541 943 917 1054 loca-erudiendae
944 953 1149 1040 iuventuti
1178 945 1397 1050 destinata,
1432 972 1521 1032 non
1537 946 1714 1034 seiuncta
1727 944 1895 1034 ess'enta

253 1089 439 1203 templis,
477 1105 546 1172 aut
564 1082 703 1168 saltem
732 1087 776 1172 in
800 1081 952 1170 horum
974 1081 1280 1170 exstruerentur
1300 1081 1459 1165 vicinia.
1514 1074 1828 1186 Hierosolymis,
1850 1085 1893 1162 in

252 1241 353 1311 utari
376 1237 452 1322 rit,
479 1216 563 1302 five
586 1213 713 1328 spatio
745 1217 889 1331 templi
913 1219 1088 1320 extimo,
1112 1210 1230 1328 quod
1256 1209 1386 1323 vulgo
1421 1207 1614 1324 quidem,
1646 1206 1757 1295 haud
1789 1235 1892 1297 vero

251 1349 416 1459 inepte,
452 1351 607 1434 atrium
640 1365 816 1435 vocatur
836 1347 1086 1464 gentilium,
1125 1340 1328 1457 peculiare
1351 1337 1497 1428 stetisse
1530 1346 1732 1430 novimus
1754 1342 1893 1431 aedili·
1998 1399 2003 1406 -

251 1481 380 1578 cium,
403 1471 750 1590 disputationibus
766 1474 818 1564 de
835 1475 970 1582 rebus,
992 1476 1044 1566 ad
1068 1475 1312 1588 religionem
1340 1468 1652 1586 pertinentibus,
1683 1473 1893 1566 consecra·

252 1625 357 1708 tum,
379 1611 423 1690 in
447 1631 532 1720 quo
557 1603 788 1710 Christum,
817 1606 1038 1710 καθεζὸμεναν
1057 1614 1090 1686 e‘e
1111 1608 1201 1709 pelope
1225 1603 1290 1682 a'o'r'u
1311 1593 1541 1694 deductibus,
1566 1605 1624 1682 teeti
1647 1601 1817 1684 einaim
1830 1609 1891 1688 esu·

252 1736 328 1824 rii,
351 1737 408 1813 καῖ
427 1738 653 1839 receperim
679 1737 819 1830 vineole,
844 1738 1044 1857 sedentem
1069 1741 1114 1826 iu
1138 1735 1261 1823 medio
1291 1730 1583 1849 magistrorum,
1608 1758 1649 1825 et
1669 1737 1905 1832 audientem

251 1889 371 1969 tonet
383 1897 444 1956 eos
455 1881 785 1986 interrogantem,
816 1868 1015 1957 invenisse
1043 1870 1166 1982 ipsius
1188 1885 1396 1981 patentes,
1433 1893 1570 1956 rvons
1603 1870 1690 1982 (u)
1714 1874 1894 1990 prodidit

251 2004 490 2090 memoriae.
511 1998 740 2116 Contigisse
754 1998 837 2088 hoc
856 1999 1026 2116 quidem
1048 1998 1149 2089 dicit
1164 1996 1379 2084 historicus
1406 1997 1516 2084 sacer
1539 2005 1570 2080 ἐν
1594 2001 1645 2109 τᾷ
1664 2005 1894 2120 infimum

252 2155 357 2220 vero
382 2155 550 2227 vocem,
579 2157 668 2216 non
691 2131 921 2245 templum,
955 2137 998 2216 in
1027 2153 1116 2244 quo
1143 2127 1384 2214 mortalium
1411 2134 1599 2233 nemini,
1621 2154 1797 2245 excepto
1830 2166 1894 2225 te·

251 2287 329 2374 ge,
361 2256 559 2348 Dauidica
592 2261 712 2375 stirpe
737 2260 952 2364 oriundo,
988 2259 1126 2346 sedere
1160 2259 1298 2360 licuit,
1338 2255 1406 2344 sed
1444 2262 1711 2374 synagogam,
1736 2269 1895 2383 templo

248 2398 507 2505 contiguam,
524 2389 733 2495 denotare,
753 2391 913 2480 dudum
931 2389 1200 2476 observarunt
1212 2389 1410 2506 philologi
1421 2395 1509 2499 (x);
1529 2411 1568 2475 et
1588 2389 1682 2478 scite
1705 2396 1890 2512 quidem,

252 2517 488 2607 dummodo
509 2546 563 2604 ne
584 2521 797 2607 sumserint
803 2518 1021 2637 synagogae
1038 2517 1292 2608 vocabulum
1302 2523 1421 2620 ¹sensu
1435 2519 1735 2637 strictioriquo
1748 2524 1895 2613 locum

254 2652 389 2750 sonat,
417 2646 608 2762 precibus
627 2647 868 2754 fundendis,
891 2651 974 2764 legi
999 2651 1201 2738 Mosaicae
1231 2649 1430 2766 legendae
1465 2655 1694 2766 ceterisque
1710 2652 1896 2750 iudaicae

253 2779 467 2890 religionis
491 2782 755 2863 caerimoniis
785 2779 1048 2864 observandis
1072 2781 1266 2867 dicatum.
1319 2789 1367 2870 ln
1391 2781 1632 2870 huiusmodi
1654 2791 1769 2873 enim
1793 2787 1896 2875 aedo

253 2913 552 3005 controversias
573 2911 822 3026 disceptare,
866 2913 1073 3028 piaculum
1095 2911 1231 2998 ludaei
1258 2915 1418 3028 semper
1439 2917 1620 3002 arbitrati
1644 2921 1738 3006 sunt
1766 2933 1897 3012 maxi·

255 3073 390 3138 mum.
444 3047 571 3132 Recte
608 3050 786 3130 omnino
802 3043 982 3135 calculos
1001 3039 1298 3148 subduxerunt,
1318 3045 1346 3131 fi
1357 3045 1576 3162 fflneggae
1592 3035 1817 3137 dictionem
1839 3052 1897 3142 la.

254 3173 408 3265 tiffimo
426 3193 673 3288 acceperunt
688 3169 928 3286 significatu,
943 3197 1031 3287 quo
1048 3197 1134 3256 non
1145 3171 1280 3259 modo
1296 3174 1506 3263 sacrorum
1517 3195 1807 3266 conventuum
1825 3181 1895 3268 de·

252 3327 372 3395 notat
389 3304 580 3406 domum,
608 3299 674 3390 sed
698 3301 1016 3416 comprehendit
1035 3327 1206 3416 quoque
1240 3327 1358 3396 uuio
1390 3326 1491 3408 uu,
1517 3305 1603 3391 live
1629 3308 1895 3421 gymmefirtm,

256 3427 325 3540 (y)
337 3425 451 3540 quod
467 3433 526 3512 uti
548 3426 885 3538 trequentaba'tur
898 3457 922 3512 a
937 3423 1467 3538 iuventute,disciplinarum
1482 3431 1701 3545 cupidu,s1c
1717 3437 1898 3552 plerum·

257 3583 339 3672 que
354 3559 585 3669 synagogae
605 3554 683 3642 elle
702 3555 852 3642 solebat
870 3557 1110 3642 adiunctum
1123 3560 1198 3664 (z).
1225 3556 1342 3642 Talis
1364 3557 1444 3644 suit
1460 3555 1607 3664 schola,
1624 3569 1767 3681 inqua
1782 3569 1898 3653 Paul-

180 3767 184 3778 .
253 3683 804 3796 lum‚Athenis‚cum1udaeis
819 3693 1000 3802 virisque
1017 3686 1213 3800 religiosis
1229 3685 1547 3801 disputationem
1568 3691 1645 3780 esse
1661 3697 1899 3812 ingressum,

254 3821 356 3908 sacri
373 3815 540 3905 annales
555 3817 622 3928 (a)
641 3825 990 3906 memorantNec
1015 3821 1156 3904 minus
1167 3815 1291 3906 hodie
1310 3819 1469 3905 nullam
1488 3823 1741 3936 synagogam
1761 3831 1896 3940 paullo
1974 3861 1977 3870 ’

259 3946 526 4062 celebriorem
543 3952 829 4051 inveniemus,
851 3956 954 4064 quin
977 3947 1197 4036 auditorio.
1216 3947 1411 4035 instructa
1433 3948 1482 4035 srt
1516 3933 1782 4042 scholbstico.-
1832 3962 1898 4042 iu-

256 4396 305 4475 (ιι)
327 4387 408 4474 Cap·
430 4381 472 4465 li,
492 4383 546 4468 46·
839 4440 852 4474 ¹.
1165 4399 1285 4465 vetere,
1305 4383 1359 4454 lib.
1379 4389 1404 4457 i.
1420 4404 1499 4480 part.
1523 4389 1546 4456 t.
1567 4409 1675 4480 τηις.
1691 4415 1762 4484 pag.
1778 4416 1838 4484 134.
1855 4398 1898 4488 sq.

191 4549 193 4554 ,
257 4479 308 4570 (x)
329 4473 412 4540 Vide
429 4485 769 4540 teucriklwuttt.
793 4486 943 4544 wocurt
961 4491 1058 4542 mear
1099 4470 1146 4560 (r)
1165 4470 1250 4541 Vide
1275 4490 1415 4545 orosto.
1439 4499 1576 4547 vrernr
1600 4488 1815 4569 antiquitates
1835 4489 1898 4554 He-
1980 4551 1982 4559 ,

316 4569 525 4666 'philologicos
537 4590 572 4644 et
587 4575 772 4644 criticum
784 4579 871 4648 ¹IIII.
887 4575 1058 4672 evangelie
1166 4579 1298 4647 bruscas
1307 4575 1723 4674 scholasticoecudemetcs,
1748 4583 1827 4673 Cap.
1842 4585 1896 4659 111.

322 4699 354 4752 et
376 4696 468 4748 attur
483 4683 673 4772 apostolicos,
686 4703 756 4773 pag.
773 4705 852 4774 593..
1169 4705 1240 4774 prg.
1255 4705 1295 4772 51.
1342 4719 1348 4734 ·

260 4791 308 4880 (y)
331 4782 432 4856 Coos.
467 4809 588 4866 caute.
621 4813 828 4862 vrrnrnon
858 4792 896 4862 de
899 4787 1069 4886 synagoge
1113 4794 1160 4880 (a)
1178 4795 1284 4864 Actor.
1300 4790 1403 4865 XVII.
1420 4815 1464 4880 ¹7·
