4504 6060
985 459 1360 562 deiru&

354 651 460 744 quae
482 623 740 728 audiverunt,
751 621 863 738 iliae,
882 649 987 734 quaa
1004 622 1199 712 viderunt
1213 644 1337 740 atque
1347 653 1399 714 ex
1430 620 1849 714 fontibushauserrmt
1868 621 2002 736 limpi·

357 757 542 860 diffimis,
557 743 728 859 tradere,
756 755 813 841 est
830 755 1009 869 suspicio.
1064 757 1288 862 Praeterea,
1306 753 1577 844 sacrificulum
1603 756 1719 843 illum
1737 784 1836 845 vera
1852 753 2004 866 referre

352 887 588 1005 etpotuisse‚
604 907 646 970 et
660 881 842 986 voluisse,
873 909 990 973 nars
1003 893 1117 975 ‘rtur
1148 915 1235 975 non
1252 908 1414 1002 poterat
1434 915 1522 974 non
1541 887 1620 974 effe
1636 888 1880 1002 persuasum*
1904 889 2004 970 Erat

351 1027 419 1114 ille
444 1046 532 1108 non
561 1041 671 1102 unus
698 1041 750 1102 ex
772 1011 919 1104 infima
944 1037 1066 1134 atque
1091 1020 1259 1107 indocta
1288 1020 1572 1124 multitudine,
1599 1017 1665 1105 sed
1690 1027 1889 1134 interpres
1913 1016 2004 1104 reli·

343 1160 501 1280 granis,
529 1147 640 1235 haud
664 1143 799 1234 infimi
823 1147 992 1252 ordinis,
1019 1155 1102 1266 qui,
1129 1150 1180 1238 ad
1208 1155 1401 1237 interiora
1427 1157 1562 1263 gentis
1588 1150 1680 1235 suae
1715 1148 1824 1238 sacra
1856 1147 2004 1235 admis-

343 1299 428 1395 sus,
454 1287 599 1371 omnia
628 1279 824 1394 dogmata
851 1277 1083 1385 edidicerat,
1109 1310 1157 1370 ac
1185 1281 1359 1397 proinde
1385 1301 1526 1367 ortum
1552 1309 1719 1399 quoque
1740 1283 1905 1370 Canobi
1930 1311 2001 1372 co·

346 1405 563 1540 ¹gnovera't.
617 1412 744 1523 Qud
770 1413 822 1500 ad
846 1413 1063 1502 sacerdotis
1086 1415 1210 1501 huius
1236 1441 1335 1503 vera
1361 1411 1523 1502 dicendi
1549 1418 1691 1500 attinet
1729 1415 2001 1532 voluntatem,

348 1584 442 1644 eam
474 1547 643 1668 quidem
669 1544 913 1662 ambiguam
939 1566 1054 1658 putat
1088 1573 1242 1634 arun.
1283 1573 1389 1634 ron.
1436 1571 1651 1632 vossrvs
1683 1543 1761 1654 (b).
1816 1545 2003 1658 Aristidis

339 1689 529 1806 ruffam,
556 1683 704 1794 inquit,
733 1675 833 1769 illud
845 1677 978 1766 reddit
997 1676 1273 1793 suspectiorem,
1293 1678 1399 1796 quod
1417 1675 1490 1788 istu
1507 1675 1707 1792 scripserit
1731 1675 1871 1792 perfira
1887 1707 1932 1762 us
1955 1675 2005 1766 ab
2057 1739 2059 1746 ,

249 1875 251 1880 ·
334 1813 540 1943 sacerdote
566 1803 782 1920 Aegyptia:
818 1801 933 1918 idque
963 1829 1004 1888 to
1028 1823 1222 1916 tempora,
1255 1831 1329 1918 quo
1363 1801 1499 1916 religio
1531 1799 1751 1913 Christibna
1786 1835 1872 1893 rum
1896 1805 2002 1898 atrei,

344 1977 428 2044 tum
453 1942 622 2034 maxime
643 1933 936 2057 Alexandriae,
960 1955 1000 2023 at
1024 1931 1179 2050 reliqua
1207 1937 1400 2052 Aegypto,
1432 1935 1580 2050 flemma
1605 1958 1762 2052 cuperet
1786 1942 2001 2030 incremen·

342 2115 400 2186 m.
458 2081 587 2168 Natus
615 2072 722 2157 enim
753 2062 946 2178 Aristides
968 2063 1033 2169 fieb
1065 2068 1272 2156 Hadriano
1298 2070 1394 2182 bap.
1424 2094 1475 2190 aa
1492 2065 1565 2182 fieb
1589 2071 1650 2154 M.
1683 2071 1880 2160 Antonino
1902 2075 2006 2194 Caes?
2076 2155 2078 2160 ,

340 2218 511 2310 claruit:
536 2206 599 2293 cui
624 2221 662 2289 et
670 2187 903 2322 familiaria¹
922 2197 1127 2283 admodum
1131 2201 1234 2310 ficit.
1291 2195 1470 2317 Affiduae
1488 2217 1574 2283 tam
1589 2196 1870 2312 disputationes
1884 2224 2001 2296 erant
2064 2229 2069 2238 ’

341 2354 452 2440 inter
468 2334 704 2448 Christianos
734 2349 774 2418 et
792 2321 1216 2444 gentiliumſstcrarnm
1230 2325 1434 2438 antistites.
1488 2325 1642 2440 Nostris
1665 2331 1999 2454 exprobrantibus,

343 2481 449 2602 quod
462 2465 646 2588 Aegyptii
661 2489 721 2549 eus
743 2457 925 2563 colerent,
953 2461 1022 2576 qui
1038 2457 1210 2548 homines
1223 2455 1402 2575 fiaiffleut,
1417 2487 1466 2546 ac
1473 2457 1590 2576 fittpa
1612 2459 1718 2548 baud
1738 2493 1903 2584 magnae
1916 2479 2000 2588 rei3

342 2607 471 2738 qualis
495 2594 702 2690 nauclerus
723 2585 792 2679 itte
816 2586 1002 2693 Canobus,
1032 2588 1102 2678 bea
1119 2587 1194 2704 fide
1218 2593 1372 2677 nomine
1397 2593 1442 2678 iu
1467 2591 1557 2678 deut
1581 2589 1754 2700 relatur,
1790 2606 1882 2716 qaia
1897 2633 2000 2722 gra·

342 2773 408 2840 m
427 2737 558 2858 ῥῖψε
583 2723 788 2836 Menelao:
809 2717 872 2810 itti
895 2718 999 2810 nihil
1011 2719 1170 2830 iliorum
1193 2731 1409 2841 agnetjcere,
1421 2723 1499 2838 sed
1521 2728 1684 2840 quaevis
1710 2729 1852 2848 ffagia
1875 2741 1997 2828 rnedi-

341 2885 440 2980 rari,
462 2903 512 2964 tre
533 2866 749 2984 interiores
770 2854 1000 2965 Christianis
1020 2855 1271 2945 viderentur:
1299 2876 1345 2941 nt
1364 2855 1466 2944 nibil
1488 2861 1582 2946 novi
1593 2859 1774 2974 ficariae
1785 2929 1797 2969 ,
1812 2863 1857 2982 st
1877 2875 1998 2960 Cano·

341 3011 432 3108 bum
456 3005 527 3123 effe
550 3016 663 3088 vetus
682 2990 963 3106 Aegyptiorum
985 3015 1147 3091 numen,
1181 2985 1293 3104 longe
1317 2987 1519 3092 Menelao,
1546 3018 1596 3075 ac
1619 2991 1714 3080 belle
1741 3000 1906 3088 Troiano
1925 3032 1997 3091 an·

340 3145 501 3264 nquius,
531 3123 820 3250 praedicarint.
875 3123 979 3207 Non
1009 3140 1117 3219 erat,
1143 3143 1246 3205 vero
1279 3143 1355 3205 cur
1390 3124 1457 3206 vir
1484 3116 1756 3212 doctiffimus.
1772 3127 1997 3245 suspectam

340 3277 512 3368 reddere
545 3256 788 3372 allaboraret
813 3249 1032 3344 sacerdotis
1064 3249 1178 3338 istius
1201 3245 1352 3352 fidem;
1376 3277 1463 3369 quo
1489 3251 1582 3340 satir
1597 3275 1711 3342 certo
1731 3281 1900 3353 auctore
1917 3294 1997 3358 nos

339 3405 454 3528 posse
476 3400 577 3488 stare
594 3379 874 3499 comperiffet:
903 3379 1010 3469 fiad
1027 3407 1085 3484 ea,
1103 3405 1209 3494 quae
1228 3375 1310 3465 hoc
1326 3381 1371 3463 in
1397 3385 1568 3494 negotio
1596 3384 1901 3500 confideranda,
1934 3402 1998 3486 in·

340 3532 529 3631 tendiffet
561 3526 764 3612 animum.
843 3509 1050 3627 Equidem
1083 3505 1193 3604 haud
1224 3505 1295 3594 ibo
1325 3505 1505 3616 inficias,
1557 3513 1714 3603 baculo
1736 3521 1826 3634 post
1851 3549 1996 3618 natum

340 3661 555 3756 Christum
580 3644 784 3746 secundo,
810 3639 1058 3728 sacrificulos
1093 3661 1232 3753 partae
1265 3639 1575 3731 eiristimationis
1598 3642 1758 3736 fructus
1782 3657 1995 3746 conserva-

339 3820 387 3884 re
413 3781 603 3880 studuiss'e
635 3775 933 3872 commentitiis
966 3769 1018 3857 de
1050 3773 1274 3857 numinum
1310 3776 1494 3884 potentia
1519 3792 1560 3859 et
1589 3775 1792 3866 sancdtate
1821 3761 1995 3872 narrati·

338 3923 513 4016 umuli&
567 3916 665 4009 Hoc
702 3929 959 4024 quamquam
989 3899 1220 4010 ambabus,
1248 3921 1296 3988 ut
1320 3907 1448 4007 aiunt,
1471 3905 1664 3996 manibus
1694 3909 1870 4026 largior:
1907 3939 1997 4002 non

339 4055 464 4150 video
488 4075 640 4150 tamen,
667 4039 768 4157 quid
785 4037 943 4150 cauffae
959 4037 1083 4124 fuerit
1109 4029 1419 4150 isti'.Aegyptio,
1447 4062 1524 4126 cur
1547 4043 1752 4131 eiusmodi
1777 4047 1995 4142 artificium

340 4181 555 4276 adhiberer
574 4184 617 4266 in
636 4169 847 4280 colloquio
864 4192 960 4252 cum
988 4193 1277 4270 Arrsrror,
1308 4164 1411 4252 adeo
1437 4167 1605 4282 longer
1629 4175 1854 4287 puriffimis
1876 4185 1998 4275 Chri.

340 4317 570 4411 titanorum
597 4305 718 4402 sacris
743 4315 931 4402 remoto,
961 4315 1021 4399 ut,
1054 4293 1412 4413 quemadmodum
1436 4319 1488 4384 ex
1517 4305 1605 4389 eius
1639 4305 1721 4390 vita
1758 4307 1844 4425 (c)
1873 4329 1996 4430 appa·
2063 4337 2068 4350 ,

601 4481 603 4486 ·
1911 4468 1994 4554 ret,

344 4631 1330 4680 mmmm—nnn·-
1338 4635 1817 4662 m...-

339 4767 389 4861 (δ)
407 4763 510 4849 Loto,
536 4762 765 4870 ruodo-citatur
796 4845 815 4862 μ
902 4848 915 4864 .
1041 4830 1101 4862 ο.
1182 4745 1230 4850 (⁶),
1249 4745 1335 4835 Lege
1353 4746 1391 4821 fi·
1415 4771 1508 4858 stu·
1534 4773 1633 4828 rear.
1655 4755 1850 4830 undecuma.
1864 4756 1992 4860 nster}-

1953 4869 1995 4920 ca
