4500 6058
996 441 1373 618 iilttii'i

358 615 525 747 Ganobi
540 640 733 769 [fidisque
749 648 926 771 figurae,
941 649 1095 770 quibus
1110 677 1207 741 eam
1232 656 1493 778 monetarius
1516 678 1761 766 ornaverat,
1792 663 2023 777 aegerrime

264 805 515 950 queant
537 789 736 904 agnosci3
772 773 1089 910 quemadmudu
1060 814 1137 880 um
1169 787 1253 908 ipse
1280 779 1462 900 numus,
1491 815 1621 907 quem
1650 798 1933 912 apponimus,
1962 793 2036 888 fa·

352 2356 481 2460 Dedit
496 2383 668 2478 quoque
690 2385 866 2479 operam
896 2357 1209 2470 nuunvstvs,
1241 2381 1310 2472 ut,
1327 2389 1432 2483 quas
1456 2363 1504 2453 in
1531 2361 1674 2472 avetia
1696 2352 2022 2477 conspicabatur,
2053 2361 2057 2369 ‘

356 2501 603 2618 imaginum
625 2493 842 2614 reliquias,
866 2491 1075 2584 nlumaire
1098 2515 1223 2612 atque
1246 2501 1539 2618 interpretante
1576 2494 1656 2588 eil'e
1664 2493 1895 2586 ¹videretur
1950 2497 2020 2583 Ne

355 2643 451 2758 φὶς
472 2637 603 2750 igitur
626 2634 671 2719 in
687 2657 781 2720 eam
790 2627 1290 2748 inducatunopinionem,
1321 2657 1428 2740 nos,
1457 2628 1536 2722 hac
1551 2631 1907 2723 commentatione
1918 2654 2021 2716 eun

355 2774 456 2866 dem
480 2784 702 2858 moventes
726 2761 934 2883 lapidem,
958 2783 1101 2875 actutu
1117 2792 1251 2882 agere
1261 2793 1310 2856 ac
1325 2765 1417 2883 post
1441 2769 1684 2866 Homerum
1703 2765 1824 2884 illum
1847 2755 2020 2850 scribere

193 2931 202 2951 ·
353 2907 500 3014 iliada
509 2922 749 3004 monemus,
762 2904 837 3020 qui
853 2903 898 2990 in
914 2905 1231 2990 commentariis
1247 2883 1327 2992 illis
1345 2896 1599 3019 profundam
1624 2877 1841 3020 quatient
1867 2897 2020 2990 doctri·

268 3138 273 3146 ,
356 3067 474 3147 nam,
491 3065 592 3129 tum
609 3026 828 3122 iacturum
849 3029 932 3120 eii‘t
946 3051 1094 3120 contra
1113 3053 1301 3122 mentem
1325 3029 1452 3149 ipsius
1469 3037 1666 3139 auctoris,
1691 3039 1778 3154 qui,
1798 3034 2020 3126 observati·
2033 3023 2040 3038 ’

353 3199 400 3272 te
424 3193 655 3269 nusum.
677 3184 970 3257 unnnvnto
997 3171 1074 3277 (c),
1096 3191 1234 3286 aequo
1250 3191 1293 3258 et
1305 3165 1413 3256 1usto
1431 3193 1609 3283 operum
1628 3169 2022 3261 numismaticorum

352 3309 526 3413 arbitro,
556 3297 629 3392 boc
643 3322 765 3391 ιιιιιιιιι
777 3293 857 3416 sii
870 3297 1102 3420 propqiuffe
1122 3299 1306 3409 videtur,
1332 3323 1400 3409 ut,
1426 3321 1640 3418 arreptae
1667 3307 1797 3424 ιιιιιιιὶι
1820 3301 2021 3424 occaſsum,

354 3439 539 3541 tioiilium
561 3425 868 3552 adolefieutium,
889 3433 1027 3553 quiin
1048 3427 1254 3548 Parmtnfi
1270 3430 1424 3553 collegio
1452 3433 1745 3528 humanioribus
1767 3437 1916 3530 litteris
1935 3464 2021 3560 opt·

354 3607 448 3678 rant
469 3567 694 3678 navabant,
719 3567 873 3658 animos
889 3567 951 3655 ad
976 3569 1168 3658 uirtutem
1201 3565 1479 3708 inflammaret.
1550 3567 1613 3673 Ac
1640 3597 1771 3684 certe,
1798 3604 1877 3665 nec
1896 3577 2021 3670 solida

355 3711 463 3824 elit,
489 3737 569 3802 nec
575 3707 747 3812 muira,
771 3729 880 3824 quae
907 3701 973 3794 nie
997 3705 1049 3794 ad
1071 3703 1195 3796 huius
1220 3695 1483 3796 numismatis
1511 3709 1829 3826 explicationem
1849 3720 2022 3830 protulit

315 3857 403 3948 oin
425 3847 635 3952 medium,
662 3865 792 3930 nemo
812 3833 1066 3955 diffitebitur,
1091 3867 1165 3962 qui
1153 3839 1446 3932 Pedrufianas
1468 3839 1568 3966 legit
1590 3851 1899 3962 annotationes,
1916 3881 2022 3970 quas

355 4007 411 4080 to
447 3977 642 4076 libentius
666 3953 764 4072 heic
791 3971 1090 4083 adsctibimus,
1117 4004 1202 4095 quo
1237 3958 1541 4096 infrequentins
1578 3978 1891 4108 voluminosum
1907 3989 2021 4080 illud

356 4147 466 4243 opus
490 4117 537 4210 in
572 4107 833 4208 bibliothecis
858 4115 1002 4204 etiam.
1032 4107 1349 4205 instructifl'tmis
1383 4116 1598 4230 reperitur.
1663 4117 1731 4204 Sic
1764 4139 1905 4210 autem
1942 4093 2022 4215 ille

328 4351 331 4358 ,
356 4259 608 4370 „Rinovano
624 4245 685 4365 gli
709 4245 898 4363 Egiziani
920 4248 1079 4338 lunone
1102 4248 1142 4339 al
1165 4247 1257 4340 loro
1281 4251 1501 4354 Monarca,
1528 4245 1852 4368 acc'oppiando
1836 4286 1851 4342 1
1877 4257 2021 4377 propq'

259 4477 262 4487 .
355 4393 464 4506 „liei
478 4383 555 4478 alla
572 4375 860 4496 diluiaugusta
879 4386 1121 4498 immugine
1167 4377 1291 4474 Atal
1306 4373 1445 4472 fine
1409 4411 1449 4472 et
1464 4385 1584 4470 viene
1603 4385 1918 4503 rappresentata,
1936 4397 2021 4484 nel·

356 4527 423 4645 „n
446 4519 573 4614 faceta
597 4515 805 4608 contraria
830 4512 934 4606 della
956 4515 1197 4636 Medaglia,
1205 4515 1245 4606 la
1262 4511 1389 4608 Testa
1416 4515 1553 4607 d’tfide
1579 4517 1780 4614 collocata
1809 4525 1930 4644 sopra
1953 4541 2022 4624 un

356 4657 505 4776 „idria
532 4643 584 4745 ed
610 4643 664 4742 lta
684 4645 927 4769 ‹litimpetto
948 4648 980 4741 il
1004 4650 1080 4741 suo
1103 4655 1292 4772 Canopo
1346 4653 1438 4742 Tra
1458 4651 1497 4744 le
1519 4652 1648 4742 molte
1672 4668 1937 4776 prerogative
1960 4692 2020 4758 at-
