4500 6058
861 554 910 657 b
956 558 976 654 )
1029 575 1080 657 47
1130 558 1153 656 (
1164 617 1170 640 ·
1202 553 1252 657 it·
1512 627 1518 634 ,

231 741 277 814 ett
299 717 472 840 quidem.
483 713 584 836 falsi
609 737 768 836 putaret.
823 720 1029 810 Sollicitos
1063 715 1132 808 hic
1157 719 1276 812 locus
1299 717 1442 812 babuit
1465 724 1603 827 viros,
1643 719 1886 835 ceteroquin
1922 701 1924 708 ’

230 861 277 948 in
300 845 474 958 Graecia
495 861 625 944 veteri
646 879 911 972 nequaquam
933 850 1130 970 hospites,
1159 855 1234 962 stc,
1258 876 1304 944 ut
1330 854 1496 972 professi
1522 857 1600 944 lint
1623 861 1818 970 ingenue,
1848 849 1886 936 se

233 995 553 1107 necquicquam
574 987 786 1095 inveniffe,
812 1015 898 1107 quo
916 995 1005 1077 eius
1019 995 1278 1106 corrigerent
1295 993 1459 1098 menda,
1469 997 1691 1134 neclgtiam
1704 985 1888 1078 vocabu·
1962 1041 1965 1046 Α

233 1123 392 1213 liistius
411 1129 545 1239 ignoti
559 1123 756 1246 indqgare
775 1121 949 1238 potuisse
961 1128 1190 1237 originem,
1210 1127 1378 1212 Novitas
1391 1125 1518 1230 uerbi,
1543 1131 1680 1241 inquit
1709 1143 1888 1210 moou-

231 1283 465 1348 rnnurvs
494 1255 582 1372 (b),
614 1258 718 1377 quod
736 1259 822 1346 vix
848 1255 945 1346 alibi
964 1259 1190 1364 iuverim,
1215 1259 1313 1348 mihi
1326 1259 1577 1380 fiespicionem
1599 1259 1728 1346 inlicit
1751 1276 1889 1344 cerru-

227 1393 530 1512 praelectionis,
558 1386 630 1484 ne'c
651 1395 846 1500 occurrit,
870 1394 975 1513 qued
999 1415 1198 1511 reponam.
1251 1393 1507 1514 Confitleetdm
1533 1395 1684 1512 Apollo,
1703 1390 1796 1479 dum
1808 1382 1889 1502 sci·

233 1557 332 1637 mres,
371 1533 594 1650 portorium
626 1527 725 1617 illud
761 1527 949 1618 Charmei
975 1528 1089 1633 dari,
1134 1550 1179 1619 tet
1201 1529 1258 1618 ted
1280 1527 1507 1622 ulteriorem
1540 1533 1671 1647 ripam
1704 1512 1890 1612 navicula

230 1667 441 1759 deduceret
471 1682 738 1755 commeantes.
792 1667 885 1752 Nec
908 1665 1026 1754 aliter
1049 1663 1168 1754 sentit
1195 1693 1321 1776 venus
1355 1666 1478 1756 huius
1504 1656 1787 1778 lexicographi
1811 1651 1891 1738 Ae·

232 1797 448 1914 scolapius,
472 1821 728 1886 svooern.
754 1819 1038 1885 xvsrsuvs.
1102 1803 1309 1908 Qamvis
1333 1806 1448 1890 euim
1473 1820 1515 1890 et
1538 1799 1626 1916 ipsq
1643 1781 1891 1882 suboluisset,

233 1935 346 2022 vitiis
369 1931 450 2021 elle
474 1935 743 2050 inquinatum
776 1927 890 2020 hunc
913 1929 1191 2038 verficulunt,
1224 1959 1459 2052 opemque,
1489 1933 1521 2022 sr
1548 1928 1639 2020 lieri
1663 1921 1806 2044 pollet,
1835 1915 1893 2003 la·
1988 1969 1990 1974 -

233 2089 354 2158 turus
379 2065 601 2170 sumes,
619 2061 834 2171 laboranti,
861 2062 1120 2153 consuluisset
1138 2088 1227 2156 tam
1260 2094 1451 2160 enorrr
1478 2068 1643 2156 lexicon
1673 2052 1894 2154 ineditum,

232 2227 362 2322 quam
401 2197 510 2288 duos
551 2221 681 2284 manu
717 2217 907 2284 exaratos
938 2197 1133 2306 codices„
1170 2206 1245 2316 qui
1274 2205 1461 2291 Lutetiae
1494 2199 1744 2290 Parisiorum
1772 2184 1893 2277 aller·

233 2354 402 2439 vantur,
434 2353 558 2449 atque
580 2327 637 2417 ibi
662 2355 741 2445 pro
766 2321 995 2438 malma,
1021 2332 1136 2448 quod
1157 2332 1352 2452 vulgares
1378 2332 1580 2424 editiones
1603 2327 1808 2432 ,exhibent
1835 2315 1891 2403 le·

233 2471 435 2594 gendum,
460 2456 652 2574 aquilone
682 2463 880 2580 scriptum
915 2464 1158 2556 invenisset:
1185 2489 1328 2558 tamen
1361 2465 1473 2558 haud
1497 2484 1640 2582 negan
1667 2460 1812 2552 barum
1834 2447 1892 2540 le·

234 2611 404 2701 trimum
425 2623 519 2691 utre
536 2590 877 2719 praesermdeste,
903 2597 1146 2720 iaudfact‘le
1170 2601 1280 2692 diem
1297 2600 1380 2724 effe,
1409 2601 1615 2722 quoniame
1640 2597 1691 2689 de
1716 2616 1811 2686 uoce
1824 2585 1892 2676 ille

235 2739 338 2836 nihil
367 2733 523 2852 elilise
545 2731 683 2848 legiffe,
713 2737 948 2824 meminerit.
1002 2739 1174 2825 interim
1211 2755 1369 2846 tamen,
1396 2737 1449 2841 li,
1471 2735 1562 2854 post
1576 2731 1754 2874 herum,
1783 2725 1894 2816 criti·
2047 2741 2061 2772 ·

237 2901 310 2967 cae
324 2876 443 2974 artis,
468 2873 605 2954 immo
626 2868 768 2951 omnis
797 2871 1062 2982 antiquitatis,
1075 2871 1263 2960 litterate
1295 2877 1555 2988 peritorum,
1583 2873 1779 2962 virorum
1802 2858 1896 2948 irri-

236 3031 305 3104 tos
340 3027 540 3095 svtnes
578 2995 807 3110 opitulandi
832 3020 1027 3107 conatus,
1069 3029 1167 3091 meo
1206 3031 1376 3123 quoque
1404 2997 1596 3124 ingenio,
1632 3000 1749 3106 ouod
1772 3015 1897 3084 tenue

234 3142 343 3238 milri
363 3159 555 3230 neutram
580 3131 774 3238 tribuille,
800 3157 890 3240 non
910 3131 1106 3243 diffiteor,
1135 3121 1312 3258 experiri
1336 3141 1441 3249 licet,
1468 3167 1574 3231 num
1593 3138 1694 3257 quid
1711 3131 1897 3226 medelae
2052 3247 2054 3254 ,

236 3309 288 3372 ac
307 3279 413 3370 lucis
429 3267 593 3362 adferre
617 3265 754 3357 valeat
781 3266 845 3354 ilii
870 3270 1071 3362 voculae:
1099 3273 1278 3368 dixerim
1304 3303 1409 3396 ego,
1431 3272 1543 3393 apud
1574 3294 1829 3378 ‚rnorrvu
1853 3285 1896 3354 et

235 3419 282 3506 in
298 3405 581 3502 Parffienlium
597 3402 895 3522 manuscriptis,
917 3409 962 3492 in
980 3407 1230 3502 consiliuma
1246 3435 1442 3506 xvsreuo
1461 3407 1665 3512 adhibitis,
1692 3403 1826 3492 multo
1854 3427 1897 3487 e·

237 3541 476 3643 mendatius
496 3535 613 3626 scribi
636 3533 767 3624 hocce
785 3535 1054 3645 vocabulum,
1079 3569 1208 3660 quam
1231 3553 1276 3636 in
1299 3541 1541 3662 vulgaribus
1561 3535 1812 3630 editionibus
1826 3561 1899 3622 oc·

239 3685 380 3776 currit
405 3675 552 3766 Ducor
582 3699 734 3788 nempe
754 3672 805 3760 ad
825 3673 1123 3787 suspicandum,
1145 3679 1300 3796 abipso
1320 3705 1483 3772 suma
1508 3682 1555 3768 iu
1567 3675 1722 3766 xlitteras
1741 3669 1820 3762 else
1834 3697 1907 3764 re·.

238 3819 398 3910 latum:
427 3796 619 3914 meursius,
649 3807 716 3896 vel
738 3797 924 3912 aequalius
936 3835 950 3912 ;
982 3835 1035 3898 ex
1053 3837 1141 3928 quo
1165 3815 1381 3906 oscitantes
1400 3812 1573 3918 librarii,
1603 3837 1714 3930 quos
1742 3828 1898 3898 notum

239 3953 325 4060 est,
356 3981 386 4029 ιι
424 3941 665 4058 irequenter
699 3939 924 4058 corrupisse
962 3947 1008 4030 in
1057 3977 1084 4036 e,
1117 3968 1240 4064 atque
1280 3981 1296 4027 ν
1336 3948 1432 4037 loco
1468 3945 1675 4034 inseruisse
1706 3943 1899 4040 alieniffi·

239 4114 315 4202 mo
350 4083 430 4202 (c),
457 4076 645 4165 secemnt
674 4069 887 4182 mersium
913 4075 1025 4168 unde
1048 4077 1231 4183 tandem,
1254 4078 1396 4170 addito
1412 4122 1458 4187 e,
1483 4086 1654 4168 enatum
1670 4081 1729 4170 est
1750 4109 1896 4174 corru-

239 4215 470 4342 ptissimum
495 4206 747 4299 vocabulum
776 4201 1002 4314 umidam.
1028 4215 1211 4300 Denotat
1228 4236 1368 4304 autem
1389 4207 1575 4321 mpelisca
1604 4217 1822 4309 mercedem
1834 4224 1899 4342 fi.

233 4351 432 4478 periturae,
446 4343 530 4436 live
539 4342 653 4454 illud,
663 4341 768 4466 qued
771 4367 854 4466 pro
858 4345 1121 4466 fimermime
1135 4343 1323 4460 dabatur,
1333 4348 1537 4444 charonti
1552 4353 1898 4464 nimirumcuius

1213 4528 1216 4540 ·
1783 4491 1899 4589 offi-

241 4818 290 4914 Φ)
305 4821 445 5002 ἔθυς’
462 4821 619 5001 mm
637 4809 691 4885 Hb·
707 4809 732 4886 ι
746 4833 816 4906 αρ’
833 4835 875 4904 η’
891 4836 964 4908 Μ’
978 4835 1050 4907 Μ’
1120 4881 1131 4904 ·
1157 4827 1245 4894 'm'
1259 4822 1770 4920 ‘mmmmmt'semmn
1780 4827 1861 4924 0¹1³·
1874 4829 1920 4927 1>
2058 4889 2064 4894 .

161 5129 165 5136 ,
241 4943 383 5127 (9)νέ
408 4949 718 5110 olrle'tleemnnrsnt
732 5033 1050 5134 smmum
1159 4929 1252 5025 &ll
1762 4971 1768 4980 ,
