4504 6060
848 520 948 635 ‘aa
996 541 1037 633 >¹
1072 557 1133 634 nt
1178 539 1196 630 l
1241 537 1291 634 li

249 687 362 780 elium
380 717 509 800 untur,
536 689 614 806 uiss
628 700 802 812 priunum
827 720 1023 802 merrtem,
1059 720 1099 788 ee
1119 699 1342 816 fiepremanr
1357 697 1525 784 omnium
1545 695 1760 810 ruufflerum
1783 696 1884 818 euuusj

243 821 348 934 [ααα,
393 854 420 910 α
440 853 528 941 quea,
552 825 674 912 veluti
690 855 717 910 α
740 827 914 914 vitarum
938 829 1131 932 omnium,
1170 830 1339 918 emnium
1372 825 1549 914 idearuum
1570 827 1689 937 sinte
1713 821 1884 934 unientes

247 955 378 1039 unuin
403 959 449 1041 in
472 959 601 1042 euteria
616 1015 627 1054 ,
636 956 872 1074 ftmpireruu
904 961 1068 1076 quodum
1091 953 1253 1076 ffuuxu,
1277 958 1526 1058 derivantur.
1583 957 1699 1040 Hunc
1720 951 1885 1040 idealem

245 1085 328 1168 eius
348 1107 570 1202 coruceprum
592 1114 669 1172 ααα
692 1091 901 1204 incongrue
924 1090 1105 1180 exhibent
1128 1116 1202 1206 per
1225 1085 1443 1192 circulum,
1485 1085 1599 1186 elas,
1631 1086 1853 1200 serpentem
1872 1121 1886 1168 .·

231 1207 353 1328 stcuti
374 1222 476 1305 euim
511 1248 563 1328 ex
594 1245 727 1312 creuere
751 1219 889 1308 circuli
919 1252 1046 1310 omens
1071 1225 1195 1312 Iurene
1217 1225 1274 1312 ad
1292 1219 1651 1336 circumferentiam
1677 1219 1885 1318 ducuntur,

242 1350 302 1436 ire
326 1377 378 1436 ex
397 1348 544 1436 circuio
565 1352 656 1459 hoc,
693 1355 801 1440 cuius
826 1373 1009 1441 centrum
1027 1354 1193 1474 ubique,
1231 1351 1552 1468 circumferentia
1579 1377 1788 1466 nusquam,
1809 1369 1885 1463 per

241 1477 405 1584 veritum
418 1479 532 1590 ficum
551 1503 640 1598 apte
657 1481 830 1599 ftrpeuti
855 1507 1146 1600 comparatum,
1180 1505 1224 1576 et
1239 1485 1430 1608 spiritum
1440 1477 1778 1597 puniemurpbum,
1805 1499 1884 1592 per

240 1608 326 1694 ulus
345 1609 572 1717 iudicatum,
593 1613 775 1700 idealium
790 1617 987 1701 rationum
1011 1597 1426 1730 redii,tuuuuiuerfi1m
1443 1609 1673 1698 muerudoruru
1696 1633 1882 1696 naturam
1972 1705 1976 1714 ,

238 1737 375 1856 dffiuf
392 1737 560 1858 iugulas
564 1743 613 1860 su
615 1739 811 1857 leslarmnr,
828 1765 911 1831 tam
943 1743 1122 1858 ensuer,b1
1137 1775 1265 1866 queem
1271 1739 1497 1862 insensibiles
1514 1747 1708 1830 virtutum
1724 1740 1881 1852 struerem
1924 1792 1927 1800 ·

224 1865 421 1986 [ααααααῖ
403 1902 439 1958 us
453 1893 602 1958 notaret.
631 1876 844 1962 Nolumus
862 1875 1030 2008 quidem
1053 1875 1239 1966 infitias
1226 1905 1309 1980 ue,
1334 1873 1435 1962 baec
1450 1873 1547 1961 satir
1566 1873 1778 1988 ingeniose
1803 1865 1881 1953 else

237 2009 497 2122 excogitata:
527 2006 583 2090 etl
600 2007 888 2122 autem,quod
910 2037 1145 2114 vereamur,
1169 2031 1214 2098 ut
1232 2009 1372 2098 aliens
1373 2035 1459 2094 one
1475 2031 1621 2092 eorum
1641 1999 1791 2120 polline
1813 2023 1881 2111 ap·

234 2135 418 2250 probari,
439 2142 618 2249 quinon
641 2143 835 2250 argutias,
865 2139 932 2226 sed
947 2141 1075 2254 ipsam
1095 2163 1306 2229 venantur
1334 2143 1566 2228 veritatem.
1588 2137 1647 2224 Hi
1674 2160 1784 2223 emm
1796 2127 1882 2218 sen·
1945 2205 1948 2220 .

235 2273 419 2370 tentiam,
445 2263 1141 2374 testibusomninonullisinnixam,
1159 2269 1318 2358 tamdiu
1334 2267 1536 2383 respuent,
1561 2291 1696 2380 neque
1715 2261 1786 2348 id
1774 2261 1879 2344 miu·
1918 2356 1929 2374 ,

234 2393 320 2500 ile,
347 2395 483 2483 donec
513 2397 732 2508 scriptores
754 2396 908 2485 inerint
936 2405 1076 2504 citati,
1116 2427 1299 2516 quorum
1337 2418 1428 2483 tuto
1454 2397 1672 2510 sequantur
1701 2387 1878 2478 auctori·

232 2548 373 2618 tatem.
454 2535 595 2614 immo
623 2549 756 2632 erunt,
784 2535 868 2644 qui,
897 2535 940 2616 in
965 2553 1076 2618 tanta
1099 2557 1240 2618 rerum
1257 2533 1601 2642 Aegyptiacorum
1620 2525 1876 2616 obscuritate,

231 2657 582 2775 hieroglyphicam
608 2658 731 2746 buius
749 2658 861 2769 globi
878 2658 1217 2774 significationem
1240 2661 1420 2751 dilucide
1439 2685 1482 2748 ec
1503 2665 1579 2761 ita,
1608 2655 1781 2744 utullus
1803 2677 1874 2738 ne·
2009 2767 2012 2774 y

146 2885 147 2890 Ν
231 2796 337 2878 mini
366 2786 538 2874 resrdeat
560 2783 905 2897 scrupuluS,polle
926 2795 1131 2899 explicari,
1140 2785 1318 2902 praec-ise
1333 2787 1566 2900 negabuntc
1587 2813 1769 2903 quorum
1789 2781 1874 2868 sen·

231 2923 383 3010 tentiae
398 2911 658 3016 subscribere,
656 2937 796 3028 quum
814 2933 854 3000 et
874 2941 957 3002 nos
975 2913 1087 3004 baud
1105 2921 1341 3031 poeniteat:
1366 2919 1488 3004 satius
1502 2924 1578 3000 erit
1591 2939 1736 3016 tacere,
1747 2941 1875 3027 quam

229 3055 535 3148 coniecturam,
556 3042 760 3130 haedere
775 3065 958 3157 captam,
979 3044 1048 3134 sed·
1060 3044 1301 3162 ambiguam
1320 3066 1443 3161 atque
1457 3052 1672 3140 incertam,
1686 3045 1872 3158 adeoque

228 3178 404 3270 facilem
421 3176 595 3266 dubium
612 3177 889 3280 vocandam,
877 3205 919 3264 m
936 3175 1120 3264 medium
1129 3177 1324 3292 proferre
1351 3179 1512 3265 Vltimo
1531 3177 1625 3262 loco
1635 3171 1769 3263 adbuc
1779 3197 1870 3258 mo

105 3385 108 3392 .
226 3336 408 3414 nemus,
432 3328 591 3396 tectum
617 3305 775 3392 delubri
809 3309 1058 3398 Canonibicl
1079 3291 1344 3396 rotundum
1332 3339 1377 3398 m
1403 3313 1649 3398 numismate
1673 3306 1865 3419 conspici

226 3451 446 3567 quoniam,
451 3435 581 3554 apud
607 3439 813 3543 Afiauor,
844 3441 1152 3528 Palaestinenses
1179 3443 1511 3556 Aegyptiosque,
1529 3439 1647 3527 aedes
1684 3445 1869 3554 privatae

226 3596 332 3666 tecta
347 3572 488 3687 plana,
522 3565 680 3679 templa·
699 3591 805 3654 vero
824 3571 988 3682 semper
1001 3567 1210 3682 fastigiata,
1234 3591 1306 3658 aut
1328 3569 1506 3656 rotunda
1522 3567 1855 3667 babuerunt)
1786 3571 1868 3677 (o).

222 3709 285 3796 Vt
300 3726 351 3793 ut
361 3723 499 3790 autem
519 3702 710 3811 Aegyptii
728 3701 953 3788 Canobum
980 3699 1156 3788 deorum
1180 3725 1483 3816 reputaverunt
1495 3709 1752 3789 maximum:
1778 3728 1867 3790 non

223 3842 296 3928 diu
322 3857 475 3934 tamen,
485 3829 578 3945 poli
593 3849 785 3917 exornem
801 3835 986 3920 veritatis
999 3829 1228 3920 salutiferae
1248 3831 1391 3934 solem,
1407 3829 1529 3918 buius
1544 3859 1711 3946 quoque
1728 3835 1865 3946 super-

221 3969 398 4058 stitionis
412 3958 606 4048 tenebrae
620 3958 934 4076 untdupulsae.
964 3967 1065 4050 Eius
1083 3970 1195 4050 enim
1212 3963 1426 4072 templum,
1434 3967 1683 4077 antiquitate,
1698 3966 1861 4079 religio·

213 4129 287 4202 ne,
308 4097 553 4186 doctrinaet
578 4090 792 4203 splendore
815 4091 1232 4188 celebratiffimum,a
1256 4089 1480 4177 Theodosii
1505 4098 1649 4208 Magni
1666 4100 1863 4186 militibus

215 4235 430 4346 direptum
446 4221 611 4337 soloque
629 4244 853 4338 aequatum
879 4224 959 4325 est,
978 4227 1071 4309 eius
1086 4247 1187 4309 veru
1204 4221 1368 4310 divitiae
1393 4222 1721 4316 Christianorum
1744 4233 1860 4322 datae

219 4365 316 4526 sunt
336 4353 642 4456 unionibus,
673 4353 769 4440 teste
798 4377 1067 4457 cruneio,
1097 4377 1258 4470 quem,
1283 4355 1404 4458 licet,
1431 4376 1479 4444 ut
1495 4384 1625 4450 vanae
1649 4367 1860 4566 religiopls

1760 4506 1785 4564 a
1818 4505 1840 4566 e

226 4599 1858 4638 W—Qfflfflfflm*m

212 4674 267 4758 (o)
290 4665 366 4736 Vid.
383 4687 503 4734 uuor.
525 4685 704 4736 neruum
728 4671 944 4757 antiquitates
955 4671 1014 4758 sa·
1126 4669 1247 4761 difien.
1262 4673 1300 4741 de
1314 4674 1442 4744 aedium
1459 4653 1680 4752 Hebraeorum
1698 4681 1856 4770 redieba.

281 4799 356 4846 cres
370 4789 514 4842 uernum
531 4773 767 4854 Hebraeorum,
790 4773 869 4845 Part.
898 4775 920 4845 l.
950 4798 1017 4866 cap.
1126 4774 1224 4849 bitaln
1240 4779 1496 4873 vitreitatem.

278 4877 435 4964 vluit.
464 4897 516 4964 29.
545 4893 577 4946 et
601 4880 686 4952 adde
714 4899 858 4951 uuum,
875 4900 1016 4949 aarum
1468 4899 1471 4910 ·
