4500 6058
882 523 1020 626 ut:
1056 541 1099 624 tr
1148 519 1291 626 su·

250 686 462 811 tempora,
488 689 617 781 edidit
648 711 755 778 ron
773 701 1107 779 'rnrsrnnvc
1132 687 1206 804 (q)
1230 687 1469 806 augurans,
1495 681 1596 780 illud
1614 685 1915 778 ornamentum

249 849 468 948 propterea
491 819 688 942 accepiffe
714 819 1038 938 imperatricem,
1063 819 1179 942 quod
1204 851 1229 915 a
1258 829 1426 934 marito,
1441 827 1534 944 post
1559 827 1697 917 Persas
1713 822 1914 925 devictos,
2022 907 2026 916 ,

249 965 403 1056 Matris
419 959 635 1076 castrorum
649 959 771 1050 nmio
789 955 913 1046 fuerit
933 957 1222 1050 condecorata.
1247 959 1338 1071 Sed,
1366 993 1467 1054 cum
1489 966 1753 1054 coniecturae
1785 955 1912 1046 huius

249 1097 571 1184 iundamentum
589 1093 736 1184 flustra
758 1094 952 1209 quaesrni,
977 1094 1068 1182 tum
1091 1099 1216 1186 etiam
1240 1098 1292 1186 de
1314 1105 1404 1188 eius
1420 1103 1605 1200 veritate,
1631 1119 1708 1182 nec
1724 1090 1913 1180 immeri-

249 1251 307 1337 to,
330 1229 488 1321 dubito.
544 1232 768 1349 Reputanti
790 1232 875 1319 iarn
890 1255 1074 1336 mecum,
1100 1257 1207 1347 quae
1226 1230 1438 1340 hactenus,
1470 1231 1524 1340 ad
1547 1247 1738 1319 veterum
1759 1247 1913 1312 monu-

248 1387 492 1456 mentorum
520 1361 671 1474 iidem,
688 1369 782 1454 sunt
802 1366 1074 1482 deputande
1095 1374 1398 1486 imperatorum
1428 1370 1545 1458 lauro
1563 1371 1733 1482 eiusque
1755 1353 1913 1476 figuti·
2097 1444 2101 1452 .

250 1508 433 1604 natione,
462 1501 519 1588 iili
551 1503 605 1593 ad
636 1505 850 1592 veritatem
874 1507 1049 1618 propius
1075 1503 1272 1595 videntur
1295 1506 1508 1610 accedere,
1543 1489 1618 1617 qui
1644 1523 1738 1588 eam
1761 1493 1916 1612 princi·
2046 1483 2049 1490 ’

248 1659 372 1756 patus
400 1635 635 1727 existimant
666 1637 836 1752 insigne
892 1635 1269 1764 Quemadmodum
1290 1665 1398 1754 ⁸vero
1428 1636 1620 1728 hodierni
1645 1628 1762 1718 orbis
1786 1646 1914 1712 terra·
2070 1619 2073 1626 ’

249 1795 348 1860 rum
381 1768 580 1858 dominos
613 1770 724 1858 haud
755 1771 916 1885 semper
945 1791 1068 1888 atque
1092 1771 1246 1890 ubique
1278 1779 1467 1879 coronis,
1500 1769 1667 1884 sceptris
1691 1778 1913 1870 ceteroque

248 1899 405 1994 ornitu
442 1907 560 2017 regio
588 1901 786 1992 videmus
814 1923 1015 2008 ornatos,
1039 1930 1119 1994 nec
1148 1911 1193 1994 in
1222 1905 1423 1994 omnibus
1448 1904 1633 2023 ipsorum
1659 1896 1800 1984 numis
1830 1883 1915 1972 hoc

250 2035 394 2130 habitu
421 2035 652 2150 expreiios:
683 2039 740 2122 ita
760 2039 886 2124 etiam
924 2039 1088 2128 Rornae
1119 2044 1392 2158 imperatores
1421 2037 1632 2130 interdurn
1658 2032 1743 2122 fine
1777 2024 1917 2122 laum
2033 2106 2042 2124 .

249 2169 474 2292 prodibant
502 2170 547 2252 in
571 2167 801 2282 publicum.
859 2170 997 2286 Atque
1019 2177 1064 2258 in
1090 2170 1169 2261 hac
1196 2171 1491 2261 consuetudine
1514 2176 1586 2262 sua
1606 2168 1663 2255 est
1680 2159 1827 2261 cauffo.
1839 2173 1916 2242 01¹1·

111 2331 115 2338 ’
249 2305 473 2398 monetarii
489 2320 574 2387 tam
596 2301 699 2390 alios
718 2305 938 2418 principes,
964 2311 1095 2420 quarn
1111 2305 1376 2396 Hadrianum
1397 2311 1513 2396 nunc
1535 2309 1672 2396 laurea
1688 2311 1916 2384 exornave-

249 2448 348 2548 rint,
377 2464 491 2528 nunc
516 2461 620 2525 vcro
648 2439 780 2552 capite
804 2437 1201 2550 repraesentaverint
1225 2438 1354 2528 nudo.
1386 2445 1627 2556 *Pergimus
1650 2453 1765 2522 nunc
1790 2423 1843 2512 ad
1868 2415 1916 2503 il·

188 2643 197 2664 ,
250 2578 392 2666 iormn
417 2579 743 2662 momentorum
770 2570 1089 2678 enodationem,
1119 2601 1226 2692 quae
1252 2579 1339 2664 iam
1365 2574 1418 2664 ab
1448 2575 1539 2665 aliie
1565 2570 1915 2672 numismatogra·

249 2711 358 2832 piris,
382 2727 426 2796 at
441 2733 495 2794 ex
519 2724 634 2821 parte
662 2725 848 2811 tantum,
874 2717 1000 2824 atque
1022 2707 1208 2817 strictim,
1227 2729 1415 2805 enamta
1433 2709 1546 2811 sumt,
1573 2735 1622 2796 ac
1641 2695 1818 2821 proinde
1845 2714 1949 2778 con

251 2843 407 2964 pioiiua
428 2837 730 2952 dilucidiusque
752 2864 778 2922 a
803 2835 925 2926 nobis
948 2859 1073 2928 erunt
1094 2833 1347 2957 explicanda.
1376 2843 1450 2932 Est
1473 2842 1598 2932 huius
1621 2836 1788 2958 generis
1802 2827 1920 2944 quic·
2076 2840 2079 2848 ·

153 2997 157 3022 ¹
254 2985 357 3106 quid
382 3007 434 3069 ex
458 2975 664 3066 Hadriani
689 2980 885 3092 imagine,
908 2984 954 3064 in
981 2981 1233 3070 numismate
1262 2983 1407 3070 nostro
1441 2983 1625 3103 depicta,
1662 3002 1755 3065 eam
1788 2968 1919 3060 irrite

254 3111 611 3232 contemplemur,
641 3106 693 3198 de
718 3105 843 3198 huius
864 3115 1131 3229 imperatorie
1152 3119 1325 3230 ingenio
1348 3137 1472 3234 atque
1508 3111 1700 3203 moribus
1728 3109 1823 3195 iicet
1847 3127 1920 3190 co·

255 3251 466 3374 grroscere.
521 3249 643 3357 Qae
668 3241 892 3357 ἀὶεριιωτίο
915 3269 971 3332 ne
993 3272 1104 3334 vana
1119 3247 1332 3336 censeatur
1353 3271 1478 3368 atque
1505 3251 1665 3350 inanis,
1699 3235 1819 3358 quod
1847 3260 1920 3326 ve·

255 3410 439 3484 reamur,
456 3373 661 3466 habemus
685 3373 811 3465 nihil:
829 3398 941 3465 recte
968 3377 999 3464 ii
1017 3377 1292 3470 subduximus
1315 3383 1510 3490 calculos,
1530 3407 1679 3498 quum,
1701 3397 1824 3471 veras
1837 3371 1934 3473 inlr

256 3536 499 3642 paratorum
523 3512 817 3596 Romanorum
841 3514 1059 3625 imagines,
1090 3516 1135 3598 in
1158 3539 1253 3602 aere
1284 3515 1458 3622 venusto,
1481 3515 1685 3630 conspici,
1706 3511 1920 3596 evincere·

257 3679 358 3744 mus
392 3649 488 3763 (r),
516 3667 594 3730 nec
613 3639 899 3756 improbabilis
925 3641 984 3730 est
999 3649 1336 3757 argumentatio,
1364 3673 1447 3764 qua
1470 3645 1601 3736 nostri
1625 3645 1717 3732 aevi
1740 3631 1933 3756 piriioso,

259 3784 449 3910 phorum
468 3773 740 3894 coryphaeus,
755 3803 957 3868 cnursr.
985 3803 1221 3872 wonrrvs
1248 3785 1333 3892 (s),
1360 3779 1567 3897 probavit,
1597 3799 1731 3868 artem
1756 3795 1920 3866 eorum,

259 3927 335 4042 qni
366 3903 420 4006 err
446 3913 567 4003 faciei
590 3909 873 4018 lineamentis,
896 3917 1085 4029 corporis
1103 3910 1247 4002 habitu
1280 3934 1321 4000 et
1346 3912 1546 4008 similibus
1576 3913 1704 4028 lignis
1736 3901 1920 4022 fingulo·

260 4081 358 4146 rum
383 4048 614 4136 hominum
642 4060 835 4132 naturam
848 4047 1116 4162 cognoscere
1137 4049 1340 4159 satagunt,
1367 4043 1643 4134 fundamento
1663 4041 1777 4134 haud
1800 4054 1919 4159 pror·

261 4181 333 4278 flu.
355 4180 476 4270 omni
502 4199 654 4268 carere.
709 4179 886 4269 Curioso
910 4183 997 4268 iarn
1023 4179 1147 4267 oculo
1170 4183 1245 4297 qui
1267 4175 1439 4272 lustrant
1457 4183 1580 4270 numi
1602 4177 1734 4268 nostri
1757 4191 1921 4398 parrega

1848 4329 1874 4392 a
1903 4353 1922 4374 .

265 4525 1423 4564 *mmmm—n·

265 4673 314 4762 (q)
336 4657 798 4754 conmemaaresdueoriruer,
811 4663 1075 4738 contemnit·
1183 4685 1315 4759 pagato
1331 4667 1399 4760 sqq.

321 4773 583 4874 stoiregenerale
602 4773 658 4843 des
677 4775 870 4868 §raperem
890 4797 949 4849 ete.
968 4777 1075 4854 Turn
1119 4781 1162 4870 (a)
1185 4779 1223 4848 lo
1237 4779 1498 4852 aeneadarum
1511 4800 1573 4850 oon
1587 4777 1930 4876 derMmfibenTbun

213 4942 216 4951 .
324 4891 650 4980 mmm'
753 4901 910 4958 *w
1182 4892 1592 4987 mwmmm

267 5007 314 5086 (t)
334 5003 503 5080 omem.
510 4999 862 5094 deununudlexandri
868 5001 918 5074 Μ.
927 4999 1078 5094 capive
